3280 5132
675 648 816 694 arnamar
841 647 863 692 1.
1226 629 1265 693 31

265 801 410 867 fidelibus
427 803 492 867 suis
507 802 607 867 totius
629 801 721 885 regni
736 801 874 886 Angliae,
889 798 1033 865 salutem.
1081 797 1198 864 Sciatis
1218 821 1268 863 me

264 911 450 978 concessisse
468 914 592 977 Sanctae
607 911 717 976 Mariae
732 911 771 976 de
786 909 1005 990 Abbendonia‚
1021 915 1055 976 et
1075 909 1268 975 Athellelmo

264 1022 374 1087 abbati
407 1023 547 1107 ejusdem
581 1021 652 1101 loci,
681 1044 791 1086 omnes
824 1021 1084 1086 consuestudines
1113 1026 1269 1085 terrarum

266 1155 404 1212 suarum,
435 1155 627 1218 quecunque
658 1132 767 1215 jacent
790 1131 824 1195 in
854 1131 983 1196 ecclesia
1012 1131 1171 1215 praedicta,
1199 1129 1271 1194 ubi-

266 1266 400 1329 cumque
413 1267 464 1308 eas
476 1245 600 1323 habeat,
610 1243 644 1306 in
656 1243 757 1327 burgo
769 1244 818 1307 vel
833 1248 923 1308 extra
934 1243 1084 1326 burgum,
1096 1242 1269 1306 secundum

266 1355 350 1439 quod
379 1354 476 1419 abbas
505 1355 565 1420 iste
587 1353 800 1419 Athellelmus
829 1353 945 1438 poterit
967 1352 1190 1432 demonstrare,
1214 1375 1271 1437 per

265 1465 360 1531 breve
387 1465 435 1530 vel
454 1471 588 1544 cartam,
614 1463 776 1529 ecclesiam
800 1465 924 1528 Sanetus
947 1463 1058 1527 Marisa
1081 1463 1120 1528 de
1142 1463 1270 1527 Abben·

266 1575 359 1654 dona,
370 1580 404 1640 et
418 1575 672 1660 predecessorem
689 1596 793 1654 suum,
807 1597 858 1639 cas
874 1574 1115 1639 consuetudines
1124 1573 1271 1639 habuisse

267 1686 348 1750 dono
360 1685 444 1769 regis
458 1685 636 1750 Eadwardi.

312 1797 455 1861 Quarum
479 1796 623 1860 recitatio
652 1795 815 1860 literarum
845 1795 878 1858 in
905 1794 1086 1860 Berkercire
1115 1795 1270 1860 comitatu

268 1907 390 1990 prolata
418 1905 591 1990 plurimum
618 1911 651 1970 et
680 1905 739 1990 ipsi
770 1905 879 1970 abbati
902 1910 934 1970 et
958 1905 1091 1970 eeclesia
1115 1905 1271 1970 commodi

268 2014 390 2079 attulit.
437 2014 599 2100 Siquidem
616 2014 697 2099 regii
718 2014 866 2080 officiales
886 2015 949 2080 illis
964 2015 1075 2080 diebus
1090 2016 1271 2081 hominibus

269 2125 303 2187 in
325 2123 460 2188 ecclesiae
481 2124 729 2208 possessionibus
750 2123 881 2189 diversis
904 2125 1042 2189 locorum
1065 2125 1270 2191 manentibus

271 2235 389 2299 multas
416 2233 593 2298 inferebant
614 2233 745 2316 injurias
755 2260 765 2312 3
789 2256 873 2298 nunc
902 2234 969 2312 has,
992 2256 1077 2299 nunc
1101 2258 1175 2301 vero
1200 2234 1271 2300 illas

269 2344 520 2424 consuetudines,
545 2344 590 2408 eis
613 2344 680 2428 pati
704 2343 782 2408 satis
811 2365 934 2427 graves,
961 2343 1150 2429 ingerentes.
1207 2347 1271 2412 Sed

268 2454 420 2520 exhibitis
442 2454 600 2539 praedietis
622 2453 836 2538 imperialibus
859 2454 1028 2534 mandatis,
1048 2455 1162 2540 quibus
1177 2457 1270 2522 recti-

271 2566 397 2632 tudines
406 2565 541 2631 ecclesiae
550 2587 605 2651 per
617 2572 736 2629 cartam
749 2564 915 2629 Eadwardi
928 2565 1012 2649 regis
1022 2570 1055 2630 et
1065 2566 1271 2632 attestatione

271 2675 441 2740 comitatus
456 2675 490 2738 in
504 2675 611 2739 eodem
626 2673 780 2739 comitatu
795 2679 872 2737 tunc
886 2672 1010 2758 publice
1025 2675 1197 2755 ventilatae,
1212 2675 1272 2762 ipsi

272 2785 416 2850 officiales
440 2785 596 2870 repulsam
619 2783 680 2849 sibi
701 2784 876 2863 adversam,
899 2783 1035 2848 ecclesiae
1057 2787 1164 2848 autem
1186 2805 1271 2849 com·

272 2897 409 2975 modam,
424 2916 605 2980 suscepere‚·
625 2895 659 2959 id
673 2893 808 2959 viriliter
821 2893 936 2958 domno
952 2893 1144 2958 Athellelmo
1159 2893 1273 2958 abbate

272 3012 446 3091 satagente.
493 3005 554 3070 Cui
567 3005 741 3090 plurimum
764 3003 875 3069 auxilii
897 3004 1040 3069 ferebant
1061 3004 1123 3068 duo
1138 3004 1272 3070 ecclesiae

271 3118 367 3206 hujus
391 3115 547 3195 monachi,
560 3113 705 3200 germani
731 3114 859 3199 quidem
880 3113 1003 3194 fratres,
1023 3136 1156 3199 quorum
1172 3115 1272 3200 major

273 3235 351 3292 natu
368 3227 507 3305 Sacolus,
518 3225 627 3310 junior
641 3247 715 3292 vero
740 3225 895 3290 Godricus
910 3225 1091 3304 vocabatur,
1106 3247 1180 3290 oum
1202 3225 1273 3311 qui-

272 3339 330 3403 bus
354 3345 387 3403 et
411 3336 570 3401 Alfwinus
591 3335 764 3421 presbyter,
779 3343 858 3400 tunc
883 3334 1045 3400 ecclesiam
1069 3335 1166 3419 regiae
1189 3336 1272 3401 villa

275 3450 414 3513 Suttune
428 3446 501 3512 huic
511 3446 622 3511 vicinae
636 3445 834 3530 gubernans3
849 3445 965 3530 quibus
979 3450 1070 3509 tanta
1085 3445 1271 3511 secularium

274 3557 419 3622 facundia
434 3563 466 3620 et
480 3555 711 3641 praeteritorum
733 3556 885 3621 momoria
899 3561 1083 3620 eventorum
1106 3555 1219 3636 inerat,
1235 3564 1273 3622 ut
1392 3617 1394 3623 ,

273 3666 376 3732 caeteri
398 3665 639 3750 circumquaque
668 3665 760 3731 facile
795 3688 903 3730 eorum
940 3664 1129 3729 sententiam
1168 3671 1271 3731 ratam

275 3778 380 3857 fuisse,
394 3797 490 3862 quam
514 3775 682 3854 edicerent,
696 3775 915 3859 approbarent.
963 3772 1025 3838 Sed
1048 3779 1080 3838 at
1095 3774 1150 3838 elii
1165 3775 1271 3860 plnres

274 3890 313 3954 de
328 3887 446 3973 Anglis
462 3885 610 3952 causidici
630 3909 685 3970 per
699 3885 733 3950 id
751 3892 879 3968 tempus
894 3884 929 3947 iu
951 3883 1080 3948 abbatia
1101 3884 1163 3949 ists
1178 3886 1272 3952 habe·

274 3999 392 4066 bantur
421 4020 554 4085 quorum
587 3995 748 4064 collationi
777 4017 869 4061 nemo
896 3995 1019 4080 sapiens
1045 3994 1272 4081 refragabatur.

276 4115 401 4181 Quibus
410 4135 476 4178 rem
491 4109 626 4177 ecclesiae
641 4108 801 4196 publicam
812 4106 989 4185 tuentibus,
998 4105 1065 4190 ejus
1080 4106 1273 4175 oblocutores

274 4226 418 4310 elingues
433 4223 560 4289 fiebant.
