3286 5150
377 641 439 703 212
621 656 758 703 rsscrrs
781 656 1131 703 suero-rosnarum

440 812 464 859 is
481 809 537 859 told
553 810 613 859 that
629 809 662 858 he
681 812 753 859 must
771 810 831 860 first
848 823 951 860 enarrer
969 810 1015 859 the
1031 809 1174 872 complaint
1193 807 1224 857 oi
1245 807 1314 859 John
1337 809 1383 859 the

439 885 563 935 marshall
571 887 635 936 fora
643 885 735 935 iailnre
746 889 774 934 to
785 885 819 934 do
826 887 923 950 justice
934 888 963 934 to
973 886 1027 934 him
1039 887 1066 934 in
1077 886 1118 934 his
1128 885 1183 948 (the
1191 884 1380 950 emhbishop's)

440 967 525 1013 oonrt.
558 963 671 1013 Thomas
679 963 768 1012 denies
780 965 825 1012 the
837 964 984 1013 marsheli's
995 964 1099 1026 charge,
1109 962 1161 1012 end
1173 978 1234 1026 says
1243 963 1302 1012 that
1313 963 1383 1012 John

440 1039 488 1087 has
499 1039 607 1088 entered
618 1039 663 1088 the
675 1040 816 1102 oomplaint
828 1040 855 1087 in
866 1055 901 1088 an
912 1041 1045 1102 improper
1060 1039 1135 1098 form,
1149 1040 1277 1102 weamng
1292 1043 1321 1088 ιο
1337 1039 1383 1088 the

440 1116 534 1165 iailnre
546 1118 572 1164 in
584 1118 624 1164 his
637 1117 791 1180 (Thomas's)
801 1121 877 1168 court
887 1132 963 1177 super
970 1117 1096 1178 quendem
1106 1118 1261 1178 troparium
1274 1117 1384 1180 thereby

441 1193 519 1254 doing
532 1191 584 1240 lrim
598 1193 734 1256 (Thomas)
746 1195 875 1257 injustioe.
898 1195 952 1243 The
964 1194 1035 1257 king,
1046 1195 1172 1252 however,
1184 1194 1283 1242 refuses
1300 1197 1328 1242 to
1339 1207 1384 1241 en·

440 1272 537 1319 tertein
550 1271 604 1320 this
625 1273 786 1334 suggestion,
806 1272 858 1320 und
878 1271 943 1322 calls
963 1272 1004 1321 for
1016 1271 1157 1334 judgment
1174 1272 1210 1335 by
1228 1271 1269 1320 his
1287 1271 1383 1320 barone

440 1349 545 1410 against
557 1349 668 1398 Thomas
677 1364 723 1409 pro
734 1352 798 1398 recti
809 1352 913 1410 defectu.
948 1349 990 1398 He
1001 1350 1025 1400 is
1042 1349 1171 1413 adjudgsd
1188 1351 1216 1398 in
1233 1348 1278 1398 the
1297 1350 1383 1412 king's

440 1439 536 1489 meroy,
548 1426 599 1475 and
611 1427 718 1475 ordered
730 1431 758 1476 ιο
769 1428 830 1490 give
848 1427 962 1491 security
973 1426 1014 1476 for
1030 1427 1075 1475 the
1085 1430 1209 1491 payrnent
1220 1426 1250 1475 ol
1257 1427 1307 1475 five
1316 1425 1383 1474 hun·

442 1499 505 1550 cres
517 1501 642 1567 ponnus]

376 1617 418 1682 Iu
444 1619 583 1684 crastino
610 1620 757 1706 colloquii
781 1620 871 1685 venit
899 1621 1037 1687 'l'homas
1066 1621 1314 1707 archiepiscopus
1342 1621 1384 1686 ad

376 1727 494 1794 curiam
510 1729 594 1814 regis
610 1731 643 1795 in
659 1731 778 1816 capella
790 1731 877 1816 ejus,¹
894 1737 927 1796 et
942 1731 1053 1796 statim
1069 1733 1164 1817 petiit
1179 1731 1218 1796 ab
1235 1755 1271 1797 eo
1285 1732 1382 1797 licen-

375 1839 455 1904 tiam
493 1841 718 1907 transfretandi
755 1842 794 1906 ad
832 1841 1049 1907 Alexandrum
1092 1866 1217 1927 papam,
1255 1843 1311 1927 qui
1347 1867 1383 1908 ea

375 1956 562 2035 tempestate
587 1975 707 2017 morem
734 1953 869 2017 faciebat
896 1953 930 2016 in
956 1953 1098 2033 Francia,
1123 1960 1157 2018 et
1181 1953 1294 2019 habere
1319 1976 1383 2019 non

374 2063 489 2145 potuit.
535 2063 629 2128 Dixit
644 2066 727 2128 enim
744 2065 772 2129 ei
787 2088 851 2144 rex,
870 2065 947 2128 “uu
965 2065 1053 2149 prius
1079 2065 1279 2150 respondebis
1303 2065 1384 2129 mihi

374 2173 414 2237 de
429 2173 547 2258 injuria
562 2197 656 2258 quam
673 2174 775 2239 fecisti
792 2176 814 2238 J
814 2175 931 2238 ohanni
947 2175 1131 2240 Mareeeallo
1146 2173 1180 2238 in
1198 2174 1383 2240 curiatua.”

375 2283 572 2368 Conquestus
592 2283 678 2348 enim
700 2290 768 2349 erat
783 2284 851 2369 regi
866 2284 949 2350 idem
966 2286 1136 2364 lohannes,
1158 2284 1242 2370 quod
1265 2285 1383 2350 calum-

374 2393 481 2458 niatus
506 2401 588 2459 esset
611 2393 645 2458 in
669 2395 757 2459 curia
782 2394 1007 2480 archiepiscopi
1033 2400 1150 2459 terram
1166 2395 1324 2480 quandam
1344 2397 1383 2460 de

374 2503 429 2568 illo
455 2505 625 2568 tenendam
646 2506 716 2589 jure
739 2505 944 2584 haereditario,
963 2511 998 2570 et
1020 2505 1074 2569 diu
1100 2504 1173 2571 inde
1192 2505 1383 2590 placitasset,

375 2613 495 2678 nullam
512 2614 585 2680 inde
596 2616 702 2700 potuit
711 2616 833 2701 assequi
840 2615 1002 2698 justitiam
1011 2642 1021 2693 ;
1044 2620 1078 2680 et
1089 2616 1172 2700 quod
1183 2617 1250 2701 ipse
1262 2617 1381 2682 curiam

375 2725 599 2810 archiepiscopi
619 2733 816 2790 sacramento
831 2725 1050 2791 falsificaverat
1065 2726 1237 2790 secundum
1254 2749 1382 2791 consue-

375 2835 518 2902 tudinem
544 2837 645 2921 regni.
692 2837 753 2903 cui
776 2837 1025 2923 archiepiscopus
1048 2837 1228 2922 respondit:
1251 2836 1383 2901 “Nulla

375 2947 501 3030 justitia
528 2947 629 3012 deluit
655 2948 794 3012 Johanni
820 2948 855 3011 in
878 2948 965 3013 curia
992 2971 1072 3028 mea,
1091 2949 1144 3014 sed
1170 2949 1236 3032 ipse
1266 2947 1382 3030 (nescio

376 3057 464 3139 cujus
489 3055 628 3135 consilio,
655 3079 696 3119 an
723 3057 855 3140 propriae
879 3057 1056 3122 voluntatis
1082 3058 1185 3140 motu)
1212 3057 1323 3122 attulit
1348 3056 1382 3121 in

376 3165 463 3230 curia
478 3189 547 3230 mea
562 3166 718 3249 quendam
733 3165 931 3251 troparium:
957 3172 990 3231 et
1016 3167 1137 3252 juravit
1161 3189 1254 3253 super
1279 3167 1381 3248 illum,

377 3277 460 3362 quod
474 3275 540 3361 ipse
554 3298 611 3360 pro
627 3275 751 3341 defectu
768 3277 903 3363 justitiae
929 3302 949 3343 a
975 3279 1061 3343 curia
1086 3301 1155 3343 mea
1182 3277 1326 3356 recessit;
1350 3283 1383 3343 et

377 3387 543 3452 videbatur
552 3387 735 3471 justitiariis
751 3388 844 3452 curiae
860 3411 936 3452 meae
951 3388 1034 3473 quod
1049 3387 1115 3472 ipse
1129 3387 1281 3472 injuriam
1302 3387 1383 3451 mihi

378 3498 462 3578 fecit,
478 3499 560 3583 quod
576 3498 620 3562 sie
634 3521 654 3562 a
669 3499 755 3562 curia
769 3521 838 3562 mea
855 3499 1001 3578 recessit3
1025 3521 1098 3563 eum
1115 3503 1271 3564 statutum
1289 3498 1332 3562 sit
1348 3497 1382 3561 in

378 3631 476 3694 regno
494 3615 608 3688 vestro,
628 3608 739 3681 ‘Quod
755 3609 808 3692 qui
823 3609 942 3673 curiam
958 3609 1086 3674 alteriue
1102 3609 1265 3674 falsificare
1276 3609 1381 3674 volue-

378 3720 431 3799 rit,
449 3726 572 3804 oportet
597 3742 667 3784 eum
695 3720 799 3802 jurare
825 3742 917 3804 super
941 3724 1137 3784 sacrosancta
1151 3719 1383 3803 evangelia.’'’³

379 3833 449 3895 Rex
464 3831 589 3916 quidem
605 3852 668 3894 non
684 3829 851 3913 respiciens
878 3831 918 3894 ad
944 3831 1039 3894 verba
1062 3831 1139 3908 lraec,
1154 3829 1274 3914 juravit
1300 3829 1383 3914 quod

380 3941 445 4026 ipse
482 3941 610 4006 haberet
650 3942 689 4005 de
737 3961 773 4004 eo
813 3939 980 4023 judicium.
1037 3941 1081 4004 Et
1114 3941 1245 4005 barones
1290 3939 1383 4004 curiae

380 4052 464 4136 regis
490 4052 715 4136 judicaverunt
740 4074 810 4116 eum
836 4071 903 4115 esse
927 4052 959 4115 in
984 4051 1197 4116 misericordia
1222 4051 1326 4136 regis;
1350 4057 1384 4115 ct

541 4217 550 4248 ¹
568 4214 689 4276 tironum
702 4212 844 4262 meeum
854 4215 884 4262 at
896 4212 1097 4276 Northemptou,
1109 4227 1179 4262 anno
1191 4211 1266 4260 1164.

540 4295 551 4326 ¹
568 4291 695 4340 Versieles
707 4307 774 4353 sung
784 4298 813 4339 at
825 4306 902 4340 mass.
936 4292 951 4339 1
964 4293 1035 4352 Foss,
1046 4293 1103 4351 206,
1115 4293 1184 4339 note.

541 4366 552 4400 ³
571 4369 619 4416 See
632 4367 753 4427 Glanvill,
763 4368 806 4416 lib.
820 4369 859 4426 12,
871 4383 893 4417 o.
905 4367 929 4420 7.
