3286 5142
362 641 425 702 124
612 660 746 706 umcrru
768 657 1114 706 uuum-uouuuurucu.

513 862 641 946 [Auaor
664 862 818 927 chuuau
839 887 868 928 v.
892 864 1018 927 B1suoe
1042 863 1222 947 RuuouuP

361 1006 429 1072 [Tho
440 1007 527 1073 king'c
539 1010 600 1059 writ
611 1009 766 1073 confirming
776 1025 793 1059 a
804 1009 945 1074 judgmeut
964 1011 1087 1060 obtained
1104 1012 1140 1074 by
1151 1010 1197 1060 tho
1207 1009 1326 1073 plaintiti'
1332 1023 1362 1058 aa

424 1091 452 1136 to
464 1088 509 1137 tho
521 1103 612 1137 mauor
623 1089 653 1138 oi
661 1088 790 1149 Hadriam,
801 1088 830 1137 in
840 1089 886 1148 tho
896 1088 983 1152 kiug'a
994 1093 1077 1148 court,
1088 1088 1228 1138 beforatho
1235 1088 1299 1152 king
1310 1087 1363 1136 and

424 1163 592 1229 mucrona]

360 1293 533 1357 Herculeus
548 1315 603 1357 rex
614 1291 796 1376 Anglorum
811 1291 968 1357 Mauricio
980 1290 1197 1357 Luudonienai
1207 1289 1363 1375 episcopo,

358 1409 392 1469 et
413 1403 546 1489 Hugoui
569 1404 607 1469 de
630 1405 829 1470 Bochelaudc
852 1404 1029 1470 vicecomiti
1057 1405 1095 1469 de
1124 1404 1363 1490 Hcoefordsyra,

358 1521 391 1581 et
406 1516 555 1580 omnibus
569 1514 715 1580 fidelibus
730 1514 795 1580 suis
806 1521 872 1578 tam
882 1513 1003 1579 clericis
1012 1536 1108 1598 quam
1118 1513 1206 1579 laicis
1217 1515 1362 1580 salutem.

360 1626 476 1691 Sciatis
492 1625 666 1690 Ricardum
681 1624 828 1690 abbatem
843 1624 881 1688 de
892 1625 955 1710 Ely
964 1623 1199 1692 diratiocinasse
1215 1625 1363 1690 adversus

359 1737 557 1802 Rauuulfum
594 1734 867 1800 Duuholmeueem
899 1733 1081 1819 episcopum
1115 1735 1291 1799 manerium
1323 1735 1363 1800 da

360 1843 508 1911 Haddam
523 1847 558 1911 iu
575 1845 661 1911 curia
676 1868 746 1911 mea
760 1846 843 1930 apud
861 1845 991 1910 Rumesi
1005 1867 1109 1910 coram
1124 1867 1175 1910 me
1190 1851 1222 1911 et
1236 1846 1362 1911 baroni-

357 1957 418 2022 bus
433 1956 521 2036 meis,
537 1956 578 2020 ad
600 1955 777 2021 dominium
801 1956 911 2022 Sancti
934 1958 1022 2022 Petri
1047 1962 1080 2023 et
1103 1956 1202 2022 beate
1227 1957 1362 2044 virginis

358 2067 419 2132 Dei
434 2067 629 2132 AEdeldredae
644 2067 684 2133 de
699 2067 772 2152 Ely,
788 2074 821 2132 et
835 2068 970 2132 fratrum
995 2069 1220 2133 monachorum
1243 2068 1361 2134 ibidem

358 2177 426 2242 Deo
460 2176 693 2243 famulantium.
752 2177 834 2243 Volo
870 2178 972 2263 igitur
1002 2185 1036 2244 et
1062 2179 1206 2264 praecipio
1232 2186 1270 2245 ut
1295 2180 1363 2266 ipsa

357 2287 486 2353 abbatia
499 2288 538 2352 de
553 2288 617 2373 Ely
631 2293 739 2354 teneat
754 2295 787 2354 et
801 2289 918 2354 lrabeat
933 2289 966 2354 in
981 2289 1123 2356 dominio
1137 2290 1217 2355 illud
1232 2292 1364 2376 praedic-

357 2408 429 2464 tum
445 2399 622 2464 manerium
638 2399 676 2464 dc
700 2400 849 2464 Hadtlam
874 2401 980 2486 quiete
1004 2407 1036 2466 at
1060 2401 1176 2486 absquo
1200 2401 1288 2466 omui
1311 2424 1362 2467 ca·

356 2510 499 2596 lumpnia
514 2511 623 2575 amode
638 2516 671 2576 et
693 2533 791 2596 usque
813 2509 847 2574 in
870 2511 1107 2596 sempiternum,
1129 2512 1265 2578 testibus
1287 2514 1361 2578 sub·

357 2621 483 2706 scriptis
499 2619 636 2685 Radulfo
651 2621 795 2706 episcopo
808 2622 993 2704 Liucoluiae,
1004 2629 1036 2687 et
1048 2622 1209 2688 Willelmo
1220 2624 1362 2689 Giffardo

356 2731 500 2817 episcopo
531 2731 717 2811 Wiutoniae,
746 2737 779 2797 et
810 2733 954 2798 Johannc
984 2734 1128 2820 episcopo
1165 2735 1294 2816 Baduae,
1328 2743 1362 2802 et

358 2841 497 2907 Rudulfo
518 2843 663 2928 episcopo
679 2843 847 2923 Cicestriae,
863 2849 895 2908 et
910 2843 965 2909 ulii
988 2845 1094 2931 plures
1118 2868 1196 2931 quos
1219 2869 1361 2912 enarrare

356 2955 490 3040 longum
505 2958 564 3020 eet.

417 3509 544 3594 [Amor
567 3511 723 3576 Fummus
746 3534 772 3576 v.
799 3512 902 3578 Huou
925 3533 964 3578 or
987 3515 1143 3580 Bocmuu
1164 3532 1204 3577 m
1224 3512 1308 3595 uu.]¹

357 3681 424 3748 [Tho
435 3685 521 3750 kiug'a
532 3686 592 3736 urit
603 3686 732 3750 directing
746 3687 904 3812 climax
920 3686 955 3829 oi}
962 3689 1078 3738 customu
1095 3687 1125 3737 oi
1137 3687 1184 3737 tho
1201 3685 1319 3749 pluintiff
1332 3685 1360 3734 iu

798 3779 813 3812 e
904 3779 940 3814 os.

357 3889 540 3971 Hemone,
556 3913 612 3955 rex
628 3888 766 3975 Angliae,
783 3889 917 3974 Hugoni
940 3891 979 3956 de
999 3890 1208 3970 Bochelauda,
1225 3896 1257 3955 et
1280 3888 1362 3953 Wil-

354 3999 460 4065 lielmo
498 3999 537 4066 de
576 4000 758 4066 oxeneford
787 4000 976 4079 vicecomiti,
1007 4000 1153 4068 salutem.
1209 3999 1361 4084 Pracipio

356 4109 446 4174 vobis
460 4117 498 4175 ut
512 4109 636 4176 faciatis
653 4110 772 4176 Faritio
787 4111 897 4177 abbati
918 4112 956 4176 de
966 4110 1186 4192 'Abbeudona,
1203 4118 1236 4178 et
1258 4111 1361 4176 omui-

584 4273 591 4306 ¹
610 4270 687 4319 Liber
697 4271 816 4331 Rheneia,
827 4271 877 4322 298
888 4271 968 4335 (Aug.
981 4272 1063 4322 Chris.
1077 4273 1157 4336 Soc).

584 4347 594 4380 ²
611 4349 627 4396 2
640 4347 709 4398 Eiet.
722 4349 790 4399 Mon.
804 4349 916 4413 Abingd.
925 4351 958 4400 95
970 4351 1044 4413 (Rea.
1057 4351 1149 4412 Gom).
