3286 5142
408 613 469 675 loa
657 637 788 682 nasone
810 641 1157 695 nram-nonnarum.

408 781 504 864 justis
518 784 724 867 petitionibus
739 788 861 855 facilem
869 794 1042 877 praebentes
1057 821 1228 880 assensum,
1238 805 1305 869 tam
1316 828 1411 891 eaepe-

410 891 495 956 dieta
521 895 659 960 maneria
684 921 779 982 quam
802 901 864 966 alia
886 907 993 969 omnia
1014 930 1121 974 eorum
1142 911 1226 977 bona
1247 920 1280 979 et
1293 937 1411 1000 posses·

410 1001 521 1081 siones,
550 1025 627 1089 quas
653 1007 686 1071 in
713 1011 951 1092 praesentiarurn
984 1017 1071 1100 juste
1099 1023 1269 1104 possident,
1299 1026 1348 1091 vel
1376 1029 1412 1092 in

410 1112 517 1178 futuro
532 1114 676 1200 legitime
691 1119 830 1185 habituri
845 1131 931 1204 sunt,
951 1127 1024 1210 jura
1038 1131 1145 1210 etiam,
1161 1137 1410 1217 eonsuetudines,

408 1224 569 1290 libertates
595 1228 825 1296 rationabiliter
851 1233 1000 1317 indultae,
1016 1243 1204 1308 auctoritate
1229 1247 1410 1332 officiique

408 1336 574 1420 fungimur
595 1337 671 1422 ipsis
696 1341 926 1426 oonfirmamns‚
942 1353 974 1411 et
997 1354 1158 1434 praesentis
1180 1355 1289 1441 scripti
1309 1363 1408 1424 attee·

408 1448 529 1514 tatione
544 1449 734 1516 roboramus.

665 2152 804 2240 [Mosae
826 2175 866 2220 or
889 2155 1145 2239 Gnooensran.]¹

607 2329 674 2396 [l'he
690 2331 777 2395 h'ng’a
787 2331 847 2382 writ
858 2347 888 2384 es
900 2336 928 2382 to
939 2333 1020 2383 tithes
1032 2332 1061 2382 ol
1071 2329 1194 2396 Berton]

405 2474 596 2540 sanamus
625 2497 679 2540 rex
709 2475 835 2561 Anglise
867 2475 984 2540 Miloni
1016 2474 1228 2554 Gloneestriae,
1257 2473 1401 2538 salntem.

402 2584 551 2669 Praeoipio
564 2585 625 2649 tibi
640 2587 722 2671 quod
732 2587 819 2671 juste
834 2587 927 2652 facias
942 2587 1055 2652 habere
1068 2587 1236 2652 monaolros
1252 2584 1402 2650 Glouo'es-

401 2694 471 2758 triae
485 2695 637 2760 decimam
658 2719 747 2761 suam
769 2698 807 2762 de
826 2698 987 2764 Berthona
1002 2698 1084 2761 siout
1107 2695 1218 2761 melius
1232 2701 1265 2759 et
1279 2695 1402 2779 plenius

401 2802 579 2868 habuerunt
607 2811 747 2891 tempore
774 2807 858 2891 regis
884 2806 1025 2885 Henrioi,
1052 2828 1092 2870 ne
1120 2827 1213 2890 super
1241 2803 1300 2868 hoe
1327 2804 1401 2869 inde

399 2913 565 2979 clamorem
580 2916 715 2982 audiam.

408 3457 535 3540 [Aenon
555 3473 595 3520 or
619 3453 830 3519 Gnooonsnnn
851 3476 879 3518 o.
905 3455 1048 3534 Romen,
1072 3455 1140 3519 Sor
1161 3472 1201 3519 or
1223 3452 1380 3532 werrae,

827 3583 866 3627 m
879 3564 965 3648 An.]²

440 3722 508 3788 [The
519 3723 604 3788 king's
614 3722 675 3772 vrit
686 3721 716 3771 of
724 3721 804 3772 seisin
814 3721 842 3769 in
853 3720 945 3770 favour
955 3720 985 3770 of
992 3719 1037 3770 the
1047 3721 1127 3770 ebbot
1137 3720 1168 3770 of
1176 3715 1349 3782 Glonoestar.]

396 3866 598 3939 smannens,
624 3883 679 3927 rex
708 3859 899 3945 Anglomm,
931 3859 1069 3926 Roberto
1107 3859 1172 3924 filio
1198 3857 1332 3923 Walteri
1360 3861 1395 3922 et

395 3973 549 4038 ministris
563 3971 638 4049 suis,
653 3970 797 4038 salutem.
841 3970 990 4054 Praecipio
1011 3969 1096 4056 quod
1116 3971 1202 4054 juste
1216 3965 1393 4053 resaysiatis

394 4082 541 4146 abbatem
555 4081 593 4146 de
609 4080 806 4146 Glonoestria
827 4081 865 4144 de
887 4080 1014 4145 eeclesia
1035 4080 1144 4145 suade
1158 4080 1338 4158 Nortbona,
1353 4077 1393 4141 de

394 4193 486 4258 terris
500 4196 533 4257 et
546 4191 685 4266 deoimis,
695 4197 727 4257 et
736 4192 775 4256 de
785 4191 932 4255 omnibus
943 4191 1043 4258 eidem
1058 4189 1191 4256 eoolesiae
1205 4186 1391 4274 pertinenti·

460 4386 469 4420 ¹
487 4390 502 4438 1
514 4387 608 4438 chron.
620 4389 689 4438 Mon.
703 4389 793 4439 Glono.
805 4391 853 4440 178
865 4389 937 4454 (Rea.
949 4389 1041 4453 Com).
1179 4391 1190 4424 ¹
1207 4391 1223 4438 2
1236 4389 1274 4438 lb.
1286 4389 1327 4438 46.
