<?xml version="1.0" encoding="UTF-8"?>
<!DOCTYPE html PUBLIC "-//W3C//DTD XHTML 1.0 Transitional//EN"
    "http://www.w3.org/TR/xhtml1/DTD/xhtml1-transitional.dtd">
<html xmlns="http://www.w3.org/1999/xhtml" xml:lang="en" lang="en">
 <head>
  <title>
</title>
<meta http-equiv="Content-Type" content="text/html;charset=utf-8" />
  <meta name='ocr-system' content='tesseract 3.04.00' />
  <meta name='ocr-capabilities' content='ocr_page ocr_carea ocr_par ocr_line ocrx_word'/>
</head>
<body>
  <div class='ocr_page' id='page_1' title='image "./placitaanglonor01bigegoog_0255.png"; bbox 0 0 3286 5150; ppageno 0'>
   <div class='ocr_carea' id='block_1_1' title="bbox 685 471 714 516">
    <p class='ocr_par' dir='ltr' id='par_1_1' title="bbox 685 471 714 516">
     <span class='ocr_line' id='line_1_1' title="bbox 685 471 714 516; baseline 0 0"><span class='ocrx_word' id='word_1_1' title='bbox 685 471 714 516; x_wconf 66' lang='lat'>0</span> 
     </span>
    </p>
   </div>
   <div class='ocr_carea' id='block_1_2' title="bbox 374 635 1126 702">
    <p class='ocr_par' dir='ltr' id='par_1_2' title="bbox 374 635 1126 702">
     <span class='ocr_line' id='line_1_2' title="bbox 374 635 1126 702; baseline 0.008 -6"><span class='ocrx_word' id='word_1_2' title='bbox 374 635 437 698; x_wconf 85' lang='grc'><strong>190</strong></span> <span class='ocrx_word' id='word_1_3' title='bbox 620 655 756 702; x_wconf 69' lang='lat' dir='ltr'><strong>solorra</strong></span> <span class='ocrx_word' id='word_1_4' title='bbox 778 655 1126 702; x_wconf 75' lang='lat' dir='ltr'><strong>auom-uouuaurnca</strong></span> 
     </span>
    </p>
   </div>
   <div class='ocr_carea' id='block_1_3' title="bbox 370 807 1376 2318">
    <p class='ocr_par' dir='ltr' id='par_1_3' title="bbox 370 807 1376 2222">
     <span class='ocr_line' id='line_1_3' title="bbox 372 807 1376 892; baseline 0.001 -22"><span class='ocrx_word' id='word_1_5' title='bbox 372 811 482 871; x_wconf 82' lang='lat' dir='ltr'><strong>tonum</strong></span> <span class='ocrx_word' id='word_1_6' title='bbox 518 829 591 872; x_wconf 90' lang='lat' dir='ltr'><strong>oum</strong></span> <span class='ocrx_word' id='word_1_7' title='bbox 628 807 809 872; x_wconf 87' lang='lat' dir='ltr'><strong>hominibus</strong></span> <span class='ocrx_word' id='word_1_8' title='bbox 838 809 893 892; x_wconf 93' lang='lat' dir='ltr'><strong>qui</strong></span> <span class='ocrx_word' id='word_1_9' title='bbox 922 809 957 872; x_wconf 91' lang='lat' dir='ltr'><strong>in</strong></span> <span class='ocrx_word' id='word_1_10' title='bbox 986 831 1022 874; x_wconf 87' lang='lat' dir='ltr'><strong>ea</strong></span> <span class='ocrx_word' id='word_1_11' title='bbox 1050 815 1139 874; x_wconf 85' lang='lat' dir='ltr'><strong>erant</strong></span> <span class='ocrx_word' id='word_1_12' title='bbox 1168 813 1202 875; x_wconf 85' lang='lat' dir='ltr'><strong>et</strong></span> <span class='ocrx_word' id='word_1_13' title='bbox 1230 807 1376 875; x_wconf 91' lang='lat' dir='ltr'><strong>omnibus</strong></span> 
     </span>
     <span class='ocr_line' id='line_1_4' title="bbox 372 916 1376 1000; baseline 0.005 -21"><span class='ocrx_word' id='word_1_14' title='bbox 372 916 573 999; x_wconf 88' lang='lat' dir='ltr'><strong>pertiuentiis</strong></span> <span class='ocrx_word' id='word_1_15' title='bbox 598 917 662 982; x_wconf 91' lang='lat' dir='ltr'><strong>suis</strong></span> <span class='ocrx_word' id='word_1_16' title='bbox 691 919 724 982; x_wconf 93' lang='lat' dir='ltr'><strong>in</strong></span> <span class='ocrx_word' id='word_1_17' title='bbox 755 919 862 983; x_wconf 87' lang='lat' dir='ltr'><strong>eadem</strong></span> <span class='ocrx_word' id='word_1_18' title='bbox 886 920 1075 985; x_wconf 86' lang='lat' dir='ltr'><strong>Eboruoensi</strong></span> <span class='ocrx_word' id='word_1_19' title='bbox 1105 919 1243 1000; x_wconf 76' lang='lat' dir='ltr'><strong>ecclesia,</strong></span> <span class='ocrx_word' id='word_1_20' title='bbox 1272 944 1292 985; x_wconf 85' lang='lat' dir='ltr'><strong>a</strong></span> <span class='ocrx_word' id='word_1_21' title='bbox 1319 919 1376 984; x_wconf 90' lang='lat' dir='ltr'><strong>lite</strong></span> 
     </span>
     <span class='ocr_line' id='line_1_5' title="bbox 372 1028 1376 1111; baseline 0.004 -20"><span class='ocrx_word' id='word_1_22' title='bbox 372 1049 468 1111; x_wconf 91' lang='lat' dir='ltr'><strong>quam</strong></span> <span class='ocrx_word' id='word_1_23' title='bbox 504 1028 650 1094; x_wconf 86' lang='lat' dir='ltr'><strong>adversus</strong></span> <span class='ocrx_word' id='word_1_24' title='bbox 688 1029 958 1096; x_wconf 84' lang='lat' dir='ltr'><strong>Gloucestrensem</strong></span> <span class='ocrx_word' id='word_1_25' title='bbox 1000 1031 1160 1097; x_wconf 85' lang='lat' dir='ltr'><strong>ecclesiam</strong></span> <span class='ocrx_word' id='word_1_26' title='bbox 1196 1031 1376 1111; x_wconf 77' lang='lat' dir='ltr'><strong>intendant,</strong></span> 
     </span>
     <span class='ocr_line' id='line_1_6' title="bbox 372 1139 1376 1227; baseline 0.003 -24"><span class='ocrx_word' id='word_1_27' title='bbox 372 1139 500 1204; x_wconf 91' lang='lat' dir='ltr'><strong>omnino</strong></span> <span class='ocrx_word' id='word_1_28' title='bbox 514 1141 668 1207; x_wconf 79' lang='lat' dir='ltr'><strong>recedent.</strong></span> <span class='ocrx_word' id='word_1_29' title='bbox 691 1142 830 1206; x_wconf 80' lang='lat' dir='ltr'><strong>Ecclesia</strong></span> <span class='ocrx_word' id='word_1_30' title='bbox 845 1165 917 1208; x_wconf 82' lang='lat' dir='ltr'><strong>vero</strong></span> <span class='ocrx_word' id='word_1_31' title='bbox 932 1142 1146 1222; x_wconf 87' lang='lat' dir='ltr'><strong>Eboraceusis,</strong></span> <span class='ocrx_word' id='word_1_32' title='bbox 1161 1143 1195 1206; x_wconf 90' lang='lat' dir='ltr'><strong>in</strong></span> <span class='ocrx_word' id='word_1_33' title='bbox 1211 1141 1376 1227; x_wconf 78' lang='lat' dir='ltr'><strong>praesentia</strong></span> 
     </span>
     <span class='ocr_line' id='line_1_7' title="bbox 372 1251 1375 1340; baseline 0.002 -26"><span class='ocrx_word' id='word_1_34' title='bbox 372 1253 456 1336; x_wconf 84' lang='lat' dir='ltr'><strong>regis</strong></span> <span class='ocrx_word' id='word_1_35' title='bbox 470 1259 503 1318; x_wconf 92' lang='lat' dir='ltr'><strong>et</strong></span> <span class='ocrx_word' id='word_1_36' title='bbox 516 1253 617 1318; x_wconf 85' lang='lat' dir='ltr'><strong>totius</strong></span> <span class='ocrx_word' id='word_1_37' title='bbox 640 1253 732 1318; x_wconf 80' lang='lat' dir='ltr'><strong>ouriae</strong></span> <span class='ocrx_word' id='word_1_38' title='bbox 755 1253 855 1340; x_wconf 89' lang='lat' dir='ltr'><strong>ipsius</strong></span> <span class='ocrx_word' id='word_1_39' title='bbox 880 1253 1052 1333; x_wconf 84' lang='lat' dir='ltr'><strong>audientia,</strong></span> <span class='ocrx_word' id='word_1_40' title='bbox 1067 1252 1231 1318; x_wconf 75' lang='lat' dir='ltr'><strong>calumnias</strong></span> <span class='ocrx_word' id='word_1_41' title='bbox 1256 1259 1289 1317; x_wconf 90' lang='lat' dir='ltr'><strong>et</strong></span> <span class='ocrx_word' id='word_1_42' title='bbox 1311 1251 1375 1337; x_wconf 87' lang='lat' dir='ltr'><strong>juri</strong></span> 
     </span>
     <span class='ocr_line' id='line_1_8' title="bbox 371 1362 1375 1448; baseline 0.002 -23"><span class='ocrx_word' id='word_1_43' title='bbox 371 1362 476 1448; x_wconf 84' lang='lat' dir='ltr'>siquid</span> <span class='ocrx_word' id='word_1_44' title='bbox 504 1364 641 1429; x_wconf 87' lang='lat' dir='ltr'><strong>habebat</strong></span> <span class='ocrx_word' id='word_1_45' title='bbox 671 1363 706 1428; x_wconf 92' lang='lat' dir='ltr'><strong>in</strong></span> <span class='ocrx_word' id='word_1_46' title='bbox 735 1365 905 1440; x_wconf 84' lang='lat' dir='ltr'><strong>Barthone,</strong></span> <span class='ocrx_word' id='word_1_47' title='bbox 922 1364 1079 1444; x_wconf 84' lang='lat' dir='ltr'><strong>Stsnedis,</strong></span> <span class='ocrx_word' id='word_1_48' title='bbox 1102 1371 1136 1428; x_wconf 89' lang='lat' dir='ltr'><strong>et</strong></span> <span class='ocrx_word' id='word_1_49' title='bbox 1163 1364 1294 1444; x_wconf 82' lang='lat' dir='ltr'><strong>Lecohe,</strong></span> <span class='ocrx_word' id='word_1_50' title='bbox 1310 1363 1375 1428; x_wconf 87' lang='lat' dir='ltr'><strong>sive</strong></span> 
     </span>
     <span class='ocr_line' id='line_1_9' title="bbox 371 1473 1374 1560; baseline -0.001 -23"><span class='ocrx_word' id='word_1_51' title='bbox 371 1473 520 1538; x_wconf 84' lang='lat' dir='ltr'><strong>membris</strong></span> <span class='ocrx_word' id='word_1_52' title='bbox 535 1497 641 1539; x_wconf 88' lang='lat' dir='ltr'><strong>earum</strong></span> <span class='ocrx_word' id='word_1_53' title='bbox 656 1479 689 1539; x_wconf 91' lang='lat' dir='ltr'><strong>et</strong></span> <span class='ocrx_word' id='word_1_54' title='bbox 704 1474 897 1560; x_wconf 83' lang='lat' dir='ltr'><strong>appendiciis</strong></span> <span class='ocrx_word' id='word_1_55' title='bbox 906 1475 1052 1540; x_wconf 90' lang='lat' dir='ltr'><strong>omnibus</strong></span> <span class='ocrx_word' id='word_1_56' title='bbox 1066 1481 1162 1560; x_wconf 86' lang='lat' dir='ltr'><strong>atque</strong></span> <span class='ocrx_word' id='word_1_57' title='bbox 1176 1473 1374 1560; x_wconf 81' lang='lat' dir='ltr'><strong>pertinentiis</strong></span> 
     </span>
     <span class='ocr_line' id='line_1_10' title="bbox 371 1586 1374 1672; baseline 0.001 -24"><span class='ocrx_word' id='word_1_58' title='bbox 371 1590 483 1670; x_wconf 74' lang='lat' dir='ltr'><strong>prater</strong></span> <span class='ocrx_word' id='word_1_59' title='bbox 518 1591 818 1670; x_wconf 78' lang='lat' dir='ltr'><strong>supramemoratam</strong></span> <span class='ocrx_word' id='word_1_60' title='bbox 856 1586 1087 1661; x_wconf 84' lang='lat' dir='ltr'><strong>Serdintonam,</strong></span> <span class='ocrx_word' id='word_1_61' title='bbox 1118 1586 1151 1650; x_wconf 91' lang='lat' dir='ltr'><strong>in</strong></span> <span class='ocrx_word' id='word_1_62' title='bbox 1188 1591 1374 1672; x_wconf 88' lang='lat' dir='ltr'><strong>perpetuum</strong></span> 
     </span>
     <span class='ocr_line' id='line_1_11' title="bbox 371 1695 1373 1782; baseline 0.003 -23"><span class='ocrx_word' id='word_1_63' title='bbox 371 1696 571 1761; x_wconf 80' lang='lat' dir='ltr'><strong>renunciavit</strong></span> <span class='ocrx_word' id='word_1_64' title='bbox 586 1719 624 1762; x_wconf 86' lang='lat' dir='ltr'><strong>ex</strong></span> <span class='ocrx_word' id='word_1_65' title='bbox 640 1702 719 1776; x_wconf 90' lang='lat' dir='ltr'><strong>toto,</strong></span> <span class='ocrx_word' id='word_1_66' title='bbox 734 1697 781 1761; x_wconf 85' lang='lat' dir='ltr'><strong>ita</strong></span> <span class='ocrx_word' id='word_1_67' title='bbox 796 1695 948 1761; x_wconf 88' lang='lat' dir='ltr'><strong>nimirum</strong></span> <span class='ocrx_word' id='word_1_68' title='bbox 963 1697 1048 1782; x_wconf 92' lang='lat' dir='ltr'><strong>quod</strong></span> <span class='ocrx_word' id='word_1_69' title='bbox 1063 1719 1226 1782; x_wconf 83' lang='lat' dir='ltr'><strong>nunquam</strong></span> <span class='ocrx_word' id='word_1_70' title='bbox 1249 1697 1289 1762; x_wconf 87' lang='lat' dir='ltr'><strong>ab</strong></span> <span class='ocrx_word' id='word_1_71' title='bbox 1314 1697 1373 1762; x_wconf 88' lang='lat' dir='ltr'><strong>bac</strong></span> 
     </span>
     <span class='ocr_line' id='line_1_12' title="bbox 372 1807 1374 1894; baseline -0.001 -22"><span class='ocrx_word' id='word_1_72' title='bbox 372 1807 517 1893; x_wconf 87' lang='lat' dir='ltr'><strong>deinceps</strong></span> <span class='ocrx_word' id='word_1_73' title='bbox 539 1807 766 1892; x_wconf 86' lang='lat' dir='ltr'><strong>compositione</strong></span> <span class='ocrx_word' id='word_1_74' title='bbox 790 1807 924 1886; x_wconf 90' lang='lat' dir='ltr'><strong>resiliet;</strong></span> <span class='ocrx_word' id='word_1_75' title='bbox 948 1831 1048 1893; x_wconf 86' lang='lat' dir='ltr'><strong>neque</strong></span> <span class='ocrx_word' id='word_1_76' title='bbox 1071 1831 1125 1892; x_wconf 91' lang='lat' dir='ltr'><strong>per</strong></span> <span class='ocrx_word' id='word_1_77' title='bbox 1149 1831 1191 1887; x_wconf 90' lang='lat' dir='ltr'><strong>se,</strong></span> <span class='ocrx_word' id='word_1_78' title='bbox 1206 1831 1305 1894; x_wconf 86' lang='lat' dir='ltr'><strong>neque</strong></span> <span class='ocrx_word' id='word_1_79' title='bbox 1318 1831 1374 1891; x_wconf 87' lang='lat' dir='ltr'><strong>per</strong></span> 
     </span>
     <span class='ocr_line' id='line_1_13' title="bbox 371 1913 1374 2005; baseline -0.001 -23"><span class='ocrx_word' id='word_1_80' title='bbox 371 1917 469 1983; x_wconf 86' lang='lat' dir='ltr'><strong>ulium</strong></span> <span class='ocrx_word' id='word_1_81' title='bbox 492 1913 608 1984; x_wconf 68' lang='lat' dir='ltr'><strong>&#39;suturis</strong></span> <span class='ocrx_word' id='word_1_82' title='bbox 630 1918 824 2005; x_wconf 84' lang='lat' dir='ltr'><strong>temporibus</strong></span> <span class='ocrx_word' id='word_1_83' title='bbox 851 1919 1100 1984; x_wconf 87' lang='lat' dir='ltr'><strong>Glouocstrensis</strong></span> <span class='ocrx_word' id='word_1_84' title='bbox 1124 1917 1257 1984; x_wconf 76' lang='lat' dir='ltr'><strong>eeclesia</strong></span> <span class='ocrx_word' id='word_1_85' title='bbox 1282 1942 1374 2004; x_wconf 90' lang='lat' dir='ltr'><strong>super</strong></span> 
     </span>
     <span class='ocr_line' id='line_1_14' title="bbox 370 2029 1372 2116; baseline -0.003 -19"><span class='ocrx_word' id='word_1_86' title='bbox 370 2032 432 2097; x_wconf 91' lang='lat' dir='ltr'><strong>hiis</strong></span> <span class='ocrx_word' id='word_1_87' title='bbox 447 2054 515 2115; x_wconf 84' lang='lat' dir='ltr'><strong>quae</strong></span> <span class='ocrx_word' id='word_1_88' title='bbox 529 2030 730 2116; x_wconf 71' lang='lat' dir='ltr'><strong>praediximus</strong></span> <span class='ocrx_word' id='word_1_89' title='bbox 745 2029 842 2094; x_wconf 90' lang='lat' dir='ltr'><strong>ullam</strong></span> <span class='ocrx_word' id='word_1_90' title='bbox 867 2031 995 2095; x_wconf 91' lang='lat' dir='ltr'><strong>omnino</strong></span> <span class='ocrx_word' id='word_1_91' title='bbox 1011 2029 1197 2110; x_wconf 87' lang='lat' dir='ltr'><strong>molestiam,</strong></span> <span class='ocrx_word' id='word_1_92' title='bbox 1213 2030 1372 2114; x_wconf 89' lang='lat' dir='ltr'><strong>inquietu-</strong></span> 
     </span>
     <span class='ocr_line' id='line_1_15' title="bbox 370 2140 1004 2222; baseline -0.002 -15"><span class='ocrx_word' id='word_1_93' title='bbox 370 2143 487 2222; x_wconf 89' lang='lat' dir='ltr'><strong>dinem,</strong></span> <span class='ocrx_word' id='word_1_94' title='bbox 503 2141 552 2206; x_wconf 87' lang='lat' dir='ltr'><strong>vel</strong></span> <span class='ocrx_word' id='word_1_95' title='bbox 567 2140 812 2206; x_wconf 85' lang='lat' dir='ltr'><strong>controversiam</strong></span> <span class='ocrx_word' id='word_1_96' title='bbox 827 2141 1004 2206; x_wconf 86' lang='lat' dir='ltr'><strong>suscitabit.</strong></span> 
     </span>
    </p>

    <p class='ocr_par' dir='ltr' id='par_1_4' title="bbox 416 2251 1373 2318">
     <span class='ocr_line' id='line_1_16' title="bbox 416 2251 1373 2318; baseline -0.002 0"><span class='ocrx_word' id='word_1_97' title='bbox 416 2254 494 2318; x_wconf 74' lang='lat' dir='ltr'><strong>Haec</strong></span> <span class='ocrx_word' id='word_1_98' title='bbox 509 2258 616 2318; x_wconf 89' lang='lat' dir='ltr'><strong>autem</strong></span> <span class='ocrx_word' id='word_1_99' title='bbox 630 2253 715 2318; x_wconf 80' lang='lat' dir='ltr'><strong>facta</strong></span> <span class='ocrx_word' id='word_1_100' title='bbox 728 2253 858 2317; x_wconf 83' lang='lat' dir='ltr'><strong>fuerunt</strong></span> <span class='ocrx_word' id='word_1_101' title='bbox 881 2274 964 2316; x_wconf 83' lang='lat' dir='ltr'><strong>anno</strong></span> <span class='ocrx_word' id='word_1_102' title='bbox 981 2251 1155 2316; x_wconf 85' lang='lat' dir='ltr'><strong>Dominicae</strong></span> <span class='ocrx_word' id='word_1_103' title='bbox 1178 2252 1373 2316; x_wconf 89' lang='lat' dir='ltr'><strong>Inoarnatio·</strong></span> 
     </span>
    </p>
   </div>
   <div class='ocr_carea' id='block_1_4' title="bbox 370 2361 1373 2560">
    <p class='ocr_par' dir='ltr' id='par_1_5' title="bbox 370 2361 1373 2560">
     <span class='ocr_line' id='line_1_17' title="bbox 371 2361 1373 2446; baseline -0.006 -17"><span class='ocrx_word' id='word_1_104' title='bbox 371 2365 420 2430; x_wconf 90' lang='lat' dir='ltr'><strong>nis</strong></span> <span class='ocrx_word' id='word_1_105' title='bbox 449 2363 616 2429; x_wconf 88' lang='lat' dir='ltr'><strong>millesimo</strong></span> <span class='ocrx_word' id='word_1_106' title='bbox 645 2363 815 2430; x_wconf 85' lang='lat' dir='ltr'><strong>centesimo</strong></span> <span class='ocrx_word' id='word_1_107' title='bbox 845 2361 1106 2446; x_wconf 83' lang='lat' dir='ltr'><strong>quinquagesimo</strong></span> <span class='ocrx_word' id='word_1_108' title='bbox 1134 2361 1278 2446; x_wconf 87' lang='lat' dir='ltr'><strong>septimo,</strong></span> <span class='ocrx_word' id='word_1_109' title='bbox 1301 2361 1373 2425; x_wconf 89' lang='lat' dir='ltr'><strong>idus</strong></span> 
     </span>
     <span class='ocr_line' id='line_1_18' title="bbox 370 2471 1372 2560; baseline -0.003 -20"><span class='ocrx_word' id='word_1_110' title='bbox 370 2476 562 2555; x_wconf 76' lang='lat' dir='ltr'><strong>Decembris,</strong></span> <span class='ocrx_word' id='word_1_111' title='bbox 592 2475 677 2560; x_wconf 87' lang='lat' dir='ltr'><strong>apud</strong></span> <span class='ocrx_word' id='word_1_112' title='bbox 715 2472 954 2553; x_wconf 83' lang='lat' dir='ltr'><strong>Gloucestriam,</strong></span> <span class='ocrx_word' id='word_1_113' title='bbox 985 2473 1043 2537; x_wconf 89' lang='lat' dir='ltr'><strong>sub</strong></span> <span class='ocrx_word' id='word_1_114' title='bbox 1078 2471 1255 2557; x_wconf 74' lang='lat' dir='ltr'><strong>praesentia,</strong></span> <span class='ocrx_word' id='word_1_115' title='bbox 1288 2471 1372 2537; x_wconf 89' lang='lat' dir='ltr'><strong>sicut</strong></span> 
     </span>
    </p>
   </div>
   <div class='ocr_carea' id='block_1_5' title="bbox 262 2583 1372 2670">
    <p class='ocr_par' dir='ltr' id='par_1_6' title="bbox 262 2583 1372 2670">
     <span class='ocr_line' id='line_1_19' title="bbox 262 2583 1372 2670; baseline -0.005 -18"><span class='ocrx_word' id='word_1_116' title='bbox 262 2613 264 2617; x_wconf 93' lang='lat'>·</span> <span class='ocrx_word' id='word_1_117' title='bbox 369 2587 492 2653; x_wconf 89' lang='lat' dir='ltr'><strong>dictum</strong></span> <span class='ocrx_word' id='word_1_118' title='bbox 521 2592 579 2663; x_wconf 87' lang='lat' dir='ltr'><strong>est,</strong></span> <span class='ocrx_word' id='word_1_119' title='bbox 611 2585 694 2670; x_wconf 85' lang='lat' dir='ltr'><strong>regis</strong></span> <span class='ocrx_word' id='word_1_120' title='bbox 723 2590 756 2650; x_wconf 88' lang='lat' dir='ltr'><strong>et</strong></span> <span class='ocrx_word' id='word_1_121' title='bbox 792 2607 901 2649; x_wconf 91' lang='lat' dir='ltr'><strong>eorum</strong></span> <span class='ocrx_word' id='word_1_122' title='bbox 930 2605 1007 2668; x_wconf 92' lang='lat' dir='ltr'><strong>quos</strong></span> <span class='ocrx_word' id='word_1_123' title='bbox 1036 2583 1372 2668; x_wconf 87' lang='lat' dir='ltr'><strong>supramemoravimus</strong></span> 
     </span>
    </p>
   </div>
   <div class='ocr_carea' id='block_1_6' title="bbox 366 2693 1372 4445">
    <p class='ocr_par' dir='ltr' id='par_1_7' title="bbox 366 2693 1372 4445">
     <span class='ocr_line' id='line_1_20' title="bbox 370 2693 1372 2785; baseline -0.007 -21"><span class='ocrx_word' id='word_1_124' title='bbox 370 2700 595 2785; x_wconf 88' lang='lat' dir='ltr'><strong>episcoporum,</strong></span> <span class='ocrx_word' id='word_1_125' title='bbox 623 2695 807 2762; x_wconf 86' lang='lat' dir='ltr'><strong>testimonio</strong></span> <span class='ocrx_word' id='word_1_126' title='bbox 836 2694 934 2760; x_wconf 88' lang='lat' dir='ltr'><strong>etiam</strong></span> <span class='ocrx_word' id='word_1_127' title='bbox 970 2693 1196 2760; x_wconf 85' lang='lat' dir='ltr'><strong>venerabilium</strong></span> <span class='ocrx_word' id='word_1_128' title='bbox 1233 2693 1372 2758; x_wconf 87' lang='lat' dir='ltr'><strong>virorum</strong></span> 
     </span>
     <span class='ocr_line' id='line_1_21' title="bbox 372 2803 1371 2890; baseline -0.005 -15"><span class='ocrx_word' id='word_1_129' title='bbox 372 2809 527 2875; x_wconf 89' lang='lat' dir='ltr'><strong>Gileberti</strong></span> <span class='ocrx_word' id='word_1_130' title='bbox 551 2806 796 2886; x_wconf 83' lang='lat' dir='ltr'><strong>Herefordensis,</strong></span> <span class='ocrx_word' id='word_1_131' title='bbox 811 2804 962 2870; x_wconf 86' lang='lat' dir='ltr'><strong>Nicholai</strong></span> <span class='ocrx_word' id='word_1_132' title='bbox 976 2803 1191 2870; x_wconf 84' lang='lat' dir='ltr'><strong>Laudavensis</strong></span> <span class='ocrx_word' id='word_1_133' title='bbox 1214 2803 1371 2890; x_wconf 87' lang='lat' dir='ltr'><strong>episcopo·</strong></span> 
     </span>
     <span class='ocr_line' id='line_1_22' title="bbox 370 2915 1371 3005; baseline -0.007 -20"><span class='ocrx_word' id='word_1_134' title='bbox 370 2945 452 3002; x_wconf 92' lang='lat' dir='ltr'><strong>rum,</strong></span> <span class='ocrx_word' id='word_1_135' title='bbox 463 2919 591 3005; x_wconf 85' lang='lat' dir='ltr'><strong>Regerii</strong></span> <span class='ocrx_word' id='word_1_136' title='bbox 603 2916 818 2997; x_wconf 82' lang='lat' dir='ltr'><strong>Teolresbiriae‚</strong></span> <span class='ocrx_word' id='word_1_137' title='bbox 831 2915 1001 2998; x_wconf 83' lang='lat' dir='ltr'><strong>Reginaldi</strong></span> <span class='ocrx_word' id='word_1_138' title='bbox 1012 2916 1215 2996; x_wconf 87' lang='lat' dir='ltr'><strong>Persoreusis,</strong></span> <span class='ocrx_word' id='word_1_139' title='bbox 1227 2915 1371 2981; x_wconf 86' lang='lat' dir='ltr'><strong>Gervasii</strong></span> 
     </span>
     <span class='ocr_line' id='line_1_23' title="bbox 371 3026 1371 3117; baseline -0.005 -21"><span class='ocrx_word' id='word_1_140' title='bbox 371 3029 706 3117; x_wconf 82' lang='lat' dir='ltr'><strong>Wyuchecumbensis,</strong></span> <span class='ocrx_word' id='word_1_141' title='bbox 743 3026 913 3109; x_wconf 83' lang='lat' dir='ltr'><strong>Reginaldi</strong></span> <span class='ocrx_word' id='word_1_142' title='bbox 951 3026 1163 3111; x_wconf 85' lang='lat' dir='ltr'><strong>Radingensis</strong></span> <span class='ocrx_word' id='word_1_143' title='bbox 1209 3027 1371 3102; x_wconf 87' lang='lat' dir='ltr'><strong>abbatum,</strong></span> 
     </span>
     <span class='ocr_line' id='line_1_24' title="bbox 372 3137 1369 3218; baseline -0.006 -10"><span class='ocrx_word' id='word_1_144' title='bbox 372 3143 500 3208; x_wconf 84' lang='lat' dir='ltr'><strong>Radulfi</strong></span> <span class='ocrx_word' id='word_1_145' title='bbox 539 3138 783 3218; x_wconf 84' lang='lat' dir='ltr'><strong>Herelordeusis,</strong></span> <span class='ocrx_word' id='word_1_146' title='bbox 813 3139 933 3204; x_wconf 88' lang='lat' dir='ltr'><strong>Yvonis</strong></span> <span class='ocrx_word' id='word_1_147' title='bbox 970 3137 1136 3202; x_wconf 89' lang='lat' dir='ltr'><strong>Wellensis</strong></span> <span class='ocrx_word' id='word_1_148' title='bbox 1172 3137 1369 3217; x_wconf 88' lang='lat' dir='ltr'><strong>decanorum,</strong></span> 
     </span>
     <span class='ocr_line' id='line_1_25' title="bbox 372 3249 1370 3338; baseline -0.005 -19"><span class='ocrx_word' id='word_1_149' title='bbox 372 3253 490 3338; x_wconf 86' lang='lat' dir='ltr'><strong>Rogeri</strong></span> <span class='ocrx_word' id='word_1_150' title='bbox 514 3252 552 3318; x_wconf 90' lang='lat' dir='ltr'><strong>de</strong></span> <span class='ocrx_word' id='word_1_151' title='bbox 576 3250 782 3329; x_wconf 85' lang='lat' dir='ltr'><strong>Ramcsbiria,</strong></span> <span class='ocrx_word' id='word_1_152' title='bbox 799 3249 930 3315; x_wconf 86' lang='lat' dir='ltr'><strong>Jordaui</strong></span> <span class='ocrx_word' id='word_1_153' title='bbox 958 3250 1191 3314; x_wconf 78' lang='lat' dir='ltr'><strong>saresbiriensis</strong></span> <span class='ocrx_word' id='word_1_154' title='bbox 1217 3249 1370 3314; x_wconf 84' lang='lat' dir='ltr'><strong>archidia-</strong></span> 
     </span>
     <span class='ocr_line' id='line_1_26' title="bbox 369 3360 1371 3446; baseline -0.005 -17"><span class='ocrx_word' id='word_1_155' title='bbox 369 3387 530 3446; x_wconf 90' lang='lat' dir='ltr'><strong>conorum,</strong></span> <span class='ocrx_word' id='word_1_156' title='bbox 554 3365 641 3429; x_wconf 89' lang='lat' dir='ltr'><strong>Petri</strong></span> <span class='ocrx_word' id='word_1_157' title='bbox 672 3361 904 3440; x_wconf 76' lang='lat' dir='ltr'><strong>BathoniensiS,</strong></span> <span class='ocrx_word' id='word_1_158' title='bbox 932 3361 1069 3426; x_wconf 88' lang='lat' dir='ltr'><strong>Walteri</strong></span> <span class='ocrx_word' id='word_1_159' title='bbox 1099 3360 1371 3426; x_wconf 85' lang='lat' dir='ltr'><strong>Abbendouiensis</strong></span> 
     </span>
     <span class='ocr_line' id='line_1_27' title="bbox 370 3471 1371 3562; baseline -0.006 -20"><span class='ocrx_word' id='word_1_160' title='bbox 370 3477 519 3562; x_wconf 90' lang='lat' dir='ltr'><strong>priorum,</strong></span> <span class='ocrx_word' id='word_1_161' title='bbox 552 3476 703 3558; x_wconf 85' lang='lat' dir='ltr'><strong>Hugonis</strong></span> <span class='ocrx_word' id='word_1_162' title='bbox 731 3475 769 3539; x_wconf 89' lang='lat' dir='ltr'><strong>de</strong></span> <span class='ocrx_word' id='word_1_163' title='bbox 801 3472 958 3550; x_wconf 85' lang='lat' dir='ltr'><strong>Clifforde,</strong></span> <span class='ocrx_word' id='word_1_164' title='bbox 989 3471 1136 3536; x_wconf 86' lang='lat' dir='ltr'><strong>Gaufridi</strong></span> <span class='ocrx_word' id='word_1_165' title='bbox 1160 3471 1198 3535; x_wconf 92' lang='lat' dir='ltr'><strong>de</strong></span> <span class='ocrx_word' id='word_1_166' title='bbox 1222 3471 1371 3536; x_wconf 85' lang='lat' dir='ltr'><strong>Clifforde</strong></span> 
     </span>
     <span class='ocr_line' id='line_1_28' title="bbox 369 3580 1371 3665; baseline -0.007 -12"><span class='ocrx_word' id='word_1_167' title='bbox 369 3589 590 3653; x_wconf 89' lang='lat' dir='ltr'><strong>canonicorum</strong></span> <span class='ocrx_word' id='word_1_168' title='bbox 618 3583 821 3661; x_wconf 82' lang='lat' dir='ltr'><strong>Herefordiae,</strong></span> <span class='ocrx_word' id='word_1_169' title='bbox 838 3580 966 3648; x_wconf 84' lang='lat' dir='ltr'><strong>Radulfi</strong></span> <span class='ocrx_word' id='word_1_170' title='bbox 992 3581 1132 3665; x_wconf 83' lang='lat' dir='ltr'><strong>Anglici,</strong></span> <span class='ocrx_word' id='word_1_171' title='bbox 1152 3580 1238 3645; x_wconf 88' lang='lat' dir='ltr'><strong>Petri</strong></span> <span class='ocrx_word' id='word_1_172' title='bbox 1264 3580 1371 3646; x_wconf 82' lang='lat' dir='ltr'><strong>fratris</strong></span> 
     </span>
     <span class='ocr_line' id='line_1_29' title="bbox 369 3691 1370 3786; baseline -0.01 -21"><span class='ocrx_word' id='word_1_173' title='bbox 369 3699 505 3786; x_wconf 86' lang='lat' dir='ltr'><strong>episcopi</strong></span> <span class='ocrx_word' id='word_1_174' title='bbox 519 3696 717 3774; x_wconf 82' lang='lat' dir='ltr'><strong>Exoniensis,</strong></span> <span class='ocrx_word' id='word_1_175' title='bbox 732 3693 955 3759; x_wconf 87' lang='lat' dir='ltr'><strong>canonicorum</strong></span> <span class='ocrx_word' id='word_1_176' title='bbox 971 3691 1110 3770; x_wconf 79' lang='lat' dir='ltr'><strong>Esouiae,</strong></span> <span class='ocrx_word' id='word_1_177' title='bbox 1127 3692 1258 3757; x_wconf 90' lang='lat' dir='ltr'><strong>Roberti</strong></span> <span class='ocrx_word' id='word_1_178' title='bbox 1273 3692 1370 3756; x_wconf 90' lang='lat' dir='ltr'><strong>comi-</strong></span> 
     </span>
     <span class='ocr_line' id='line_1_30' title="bbox 368 3801 1370 3894; baseline -0.008 -19"><span class='ocrx_word' id='word_1_179' title='bbox 368 3811 412 3876; x_wconf 89' lang='lat' dir='ltr'><strong>tis</strong></span> <span class='ocrx_word' id='word_1_180' title='bbox 436 3809 664 3894; x_wconf 81' lang='lat' dir='ltr'><strong>Ligrecestriae,</strong></span> <span class='ocrx_word' id='word_1_181' title='bbox 688 3803 818 3870; x_wconf 86' lang='lat' dir='ltr'><strong>Patricii</strong></span> <span class='ocrx_word' id='word_1_182' title='bbox 833 3801 959 3867; x_wconf 89' lang='lat' dir='ltr'><strong>comitis</strong></span> <span class='ocrx_word' id='word_1_183' title='bbox 977 3802 1222 3881; x_wconf 77' lang='lat' dir='ltr'><strong>saresbiriensis,</strong></span> <span class='ocrx_word' id='word_1_184' title='bbox 1240 3803 1370 3867; x_wconf 90' lang='lat' dir='ltr'><strong>Henrici</strong></span> 
     </span>
     <span class='ocr_line' id='line_1_31' title="bbox 368 3912 1369 3999; baseline -0.012 -11"><span class='ocrx_word' id='word_1_185' title='bbox 368 3924 406 3987; x_wconf 90' lang='lat' dir='ltr'><strong>de</strong></span> <span class='ocrx_word' id='word_1_186' title='bbox 439 3925 558 3986; x_wconf 82' lang='lat' dir='ltr'><strong>Exessa</strong></span> <span class='ocrx_word' id='word_1_187' title='bbox 594 3915 819 3984; x_wconf 88' lang='lat' dir='ltr'><strong>constabularii</strong></span> <span class='ocrx_word' id='word_1_188' title='bbox 848 3915 941 3999; x_wconf 85' lang='lat' dir='ltr'><strong>regis,</strong></span> <span class='ocrx_word' id='word_1_189' title='bbox 974 3912 1137 3978; x_wconf 82' lang='lat' dir='ltr'><strong>Humfridi</strong></span> <span class='ocrx_word' id='word_1_190' title='bbox 1166 3913 1205 3978; x_wconf 89' lang='lat' dir='ltr'><strong>de</strong></span> <span class='ocrx_word' id='word_1_191' title='bbox 1242 3913 1369 3992; x_wconf 91' lang='lat' dir='ltr'><strong>Bohun,</strong></span> 
     </span>
     <span class='ocr_line' id='line_1_32' title="bbox 370 4023 1369 4115; baseline -0.01 -18"><span class='ocrx_word' id='word_1_192' title='bbox 370 4032 497 4098; x_wconf 85' lang='lat' dir='ltr'><strong>Ricardi</strong></span> <span class='ocrx_word' id='word_1_193' title='bbox 534 4032 572 4096; x_wconf 89' lang='lat' dir='ltr'><strong>de</strong></span> <span class='ocrx_word' id='word_1_194' title='bbox 608 4031 709 4115; x_wconf 90' lang='lat' dir='ltr'><strong>Lucy,</strong></span> <span class='ocrx_word' id='word_1_195' title='bbox 748 4025 876 4092; x_wconf 86' lang='lat' dir='ltr'><strong>Rioardi</strong></span> <span class='ocrx_word' id='word_1_196' title='bbox 912 4025 951 4089; x_wconf 91' lang='lat' dir='ltr'><strong>de</strong></span> <span class='ocrx_word' id='word_1_197' title='bbox 991 4024 1128 4102; x_wconf 86' lang='lat' dir='ltr'><strong>Humez,</strong></span> <span class='ocrx_word' id='word_1_198' title='bbox 1160 4023 1290 4087; x_wconf 90' lang='lat' dir='ltr'><strong>Henrioi</strong></span> <span class='ocrx_word' id='word_1_199' title='bbox 1331 4023 1369 4087; x_wconf 93' lang='lat' dir='ltr'><strong>de</strong></span> 
     </span>
     <span class='ocr_line' id='line_1_33' title="bbox 369 4133 1369 4222; baseline -0.01 -14"><span class='ocrx_word' id='word_1_200' title='bbox 369 4144 582 4222; x_wconf 87' lang='lat' dir='ltr'><strong>Pontefraoto,</strong></span> <span class='ocrx_word' id='word_1_201' title='bbox 608 4139 742 4204; x_wconf 87' lang='lat' dir='ltr'><strong>Walteri</strong></span> <span class='ocrx_word' id='word_1_202' title='bbox 768 4138 806 4202; x_wconf 87' lang='lat' dir='ltr'><strong>de</strong></span> <span class='ocrx_word' id='word_1_203' title='bbox 832 4134 1026 4213; x_wconf 83' lang='lat' dir='ltr'><strong>Heresordia,</strong></span> <span class='ocrx_word' id='word_1_204' title='bbox 1042 4135 1095 4199; x_wconf 90' lang='lat' dir='ltr'><strong>W.</strong></span> <span class='ocrx_word' id='word_1_205' title='bbox 1111 4134 1149 4198; x_wconf 89' lang='lat' dir='ltr'><strong>de</strong></span> <span class='ocrx_word' id='word_1_206' title='bbox 1165 4133 1369 4218; x_wconf 87' lang='lat' dir='ltr'><strong>Bellicampo,</strong></span> 
     </span>
     <span class='ocr_line' id='line_1_34' title="bbox 368 4244 1368 4330; baseline -0.009 -13"><span class='ocrx_word' id='word_1_207' title='bbox 368 4253 523 4318; x_wconf 88' lang='lat' dir='ltr'><strong>Willelmi</strong></span> <span class='ocrx_word' id='word_1_208' title='bbox 537 4252 596 4317; x_wconf 92' lang='lat' dir='ltr'><strong>filii</strong></span> <span class='ocrx_word' id='word_1_209' title='bbox 612 4253 632 4316; x_wconf 88' lang='lat' dir='ltr'><strong>J</strong></span> <span class='ocrx_word' id='word_1_210' title='bbox 635 4251 777 4328; x_wconf 89' lang='lat' dir='ltr'><strong>ohannis,</strong></span> <span class='ocrx_word' id='word_1_211' title='bbox 787 4247 919 4312; x_wconf 88' lang='lat' dir='ltr'><strong>Henrici</strong></span> <span class='ocrx_word' id='word_1_212' title='bbox 934 4246 972 4310; x_wconf 89' lang='lat' dir='ltr'><strong>de</strong></span> <span class='ocrx_word' id='word_1_213' title='bbox 982 4245 1079 4329; x_wconf 90' lang='lat' dir='ltr'><strong>Oilly,</strong></span> <span class='ocrx_word' id='word_1_214' title='bbox 1093 4244 1204 4330; x_wconf 83' lang='lat' dir='ltr'><strong>Helyae</strong></span> <span class='ocrx_word' id='word_1_215' title='bbox 1221 4244 1368 4324; x_wconf 86' lang='lat' dir='ltr'><strong>Giffardi,</strong></span> 
     </span>
     <span class='ocr_line' id='line_1_35' title="bbox 366 4355 1367 4445; baseline -0.008 -17"><span class='ocrx_word' id='word_1_216' title='bbox 366 4370 399 4428; x_wconf 90' lang='lat' dir='ltr'><strong>et</strong></span> <span class='ocrx_word' id='word_1_217' title='bbox 425 4363 525 4428; x_wconf 83' lang='lat' dir='ltr'><strong>Heliae</strong></span> <span class='ocrx_word' id='word_1_218' title='bbox 548 4363 606 4427; x_wconf 90' lang='lat' dir='ltr'><strong>filii</strong></span> <span class='ocrx_word' id='word_1_219' title='bbox 631 4363 709 4445; x_wconf 74' lang='lat' dir='ltr'><strong>ejuS,</strong></span> <span class='ocrx_word' id='word_1_220' title='bbox 736 4357 853 4444; x_wconf 86' lang='lat' dir='ltr'><strong>Rogeri</strong></span> <span class='ocrx_word' id='word_1_221' title='bbox 875 4357 913 4422; x_wconf 89' lang='lat' dir='ltr'><strong>de</strong></span> <span class='ocrx_word' id='word_1_222' title='bbox 929 4355 1092 4440; x_wconf 79' lang='lat' dir='ltr'><strong>Berkeluy,</strong></span> <span class='ocrx_word' id='word_1_223' title='bbox 1106 4356 1259 4421; x_wconf 86' lang='lat' dir='ltr'><strong>baronum</strong></span> <span class='ocrx_word' id='word_1_224' title='bbox 1274 4355 1367 4438; x_wconf 85' lang='lat' dir='ltr'><strong>regis,</strong></span> 
     </span>
    </p>
   </div>
   <div class='ocr_carea' id='block_1_7' title="bbox 0 0 1648 5150">
    <p class='ocr_par' dir='ltr' id='par_1_8' title="bbox 0 0 1648 5150">
     <span class='ocr_line' id='line_1_36' title="bbox 0 0 1648 5150; baseline 0 1"><span class='ocrx_word' id='word_1_225' title='bbox 0 0 1648 5150; x_wconf 95' lang='lat' dir='ltr'><strong> </strong></span> 
     </span>
    </p>
   </div>
  </div>
 </body>
</html>
