3286 5142
331 589 336 598 '
379 583 441 646 170
625 601 759 646 rmcrrn
780 599 1127 649 antonomasice.

377 751 480 816 inanis
503 751 630 836 piguit3
653 757 687 816 et
709 752 879 837 assumptis
902 775 1006 818 secum
1030 753 1190 834 fratribus,
1205 754 1246 819 ad
1269 776 1376 838 regem

378 861 446 946 (qui
468 869 547 927 tunc
569 862 654 948 apud
677 863 847 928 Wdestoca
869 864 1061 946 morabatur)
1091 864 1240 943 aoeoesit;
1263 865 1377 929 obnixe

375 973 538 1058 postulans
567 979 605 1038 ut
633 973 683 1037 sui
712 975 869 1053 misertus,
889 980 922 1039 et
950 973 1064 1038 laboris
1093 980 1126 1039 et
1154 997 1253 1040 cousae
1282 974 1376 1038 linem

376 1084 559 1167 imponeret.
605 1083 733 1147 Annuit
761 1083 844 1147 illico
868 1105 921 1147 rex
934 1087 958 1162 ;1
981 1089 1015 1148 et
1039 1085 1218 1150 convocatis
1240 1086 1378 1170 justiciis

375 1195 451 1275 suis,
482 1193 636 1278 Gregorio
672 1192 790 1258 scilicet
814 1193 1040 1272 Lundoniensi,
1065 1199 1098 1258 et
1122 1194 1281 1260 Willelmo
1309 1195 1376 1260 filio

376 1305 542 1383 iohannis,
566 1309 599 1368 et
622 1303 751 1388 Nigello
775 1304 813 1367 de
837 1304 964 1382 Brocco,
990 1303 1169 1388 caterisque
1197 1306 1289 1370 curia
1311 1328 1375 1370 sue

374 1415 577 1498 sapientibus,
602 1413 750 1498 praecepit
773 1419 811 1478 ut
835 1413 959 1478 abbatis
983 1419 1016 1478 et
1039 1415 1192 1494 'lbrrstini
1214 1416 1270 1501 qui
1297 1421 1375 1480 tuuc

374 1527 491 1604 aderat,
507 1547 633 1590 causam
659 1529 853 1603 tractarent;
875 1547 1014 1589 asserens
1038 1525 1188 1610 quicquid
1210 1549 1302 1610 super
1316 1528 1374 1591 hoc

374 1643 456 1703 recte
469 1636 657 1721 judicarent,
672 1635 852 1700 inconcusse
865 1636 965 1699 teneri
979 1635 1097 1701 debere.
1143 1637 1219 1716 Qui,
1233 1638 1374 1722 inspecta

373 1749 417 1813 rei
429 1748 571 1828 veritate,
583 1745 805 1811 intellexerunt
816 1747 1002 1810 Tur-sticum
1017 1747 1228 1810 substantiam
1241 1746 1373 1812 eeclesia

373 1860 493 1944 injuste
515 1858 696 1937 detinuisse,
720 1863 753 1922 et
778 1858 923 1921 abbatem
949 1880 1006 1942 pro
1030 1857 1089 1921 tali
1112 1858 1227 1923 damno
1252 1861 1372 1943 justam

373 1968 530 2056 querelam
554 1968 697 2034 movisse.
743 1969 805 2031 Sed
829 1969 972 2052 quamvis
987 1968 1045 2032 hoc
1064 1969 1188 2052 justum
1203 1975 1372 2049 essetnec

372 2089 480 2146 tamen
503 2081 542 2145 de
565 2103 597 2144 se
619 2079 850 2164 presumebant
874 2084 911 2143 ut
934 2079 1018 2143 hunc
1041 2101 1074 2144 re
1099 2103 1194 2164 quam
1217 2081 1373 2146 invaserat

372 2192 544 2278 privarent,
574 2191 636 2255 nisi
672 2189 759 2274 prins
795 2190 905 2253 audita
941 2189 980 2253 ab
1010 2212 1062 2254 ore
1091 2191 1179 2272 regio
1205 2191 1371 2257 sententia.

372 2303 530 2368 Dicebant
555 2301 669 2388 quippe
693 2300 823 2365 solidius
849 2322 937 2384 posse
960 2301 1127 2366 subsistere
1151 2301 1234 2385 quod
1259 2325 1299 2365 ex
1321 2325 1373 2368 ore

372 2413 460 2500 regio
475 2411 597 2498 prolata
617 2411 787 2477 auctoritas
806 2410 979 2474 studuerit²
994 2411 1185 2476 confirmare.
1229 2413 1370 2476 Nuntia·

372 2529 487 2590 verunt
501 2525 621 2588 interea
635 2523 756 2606 prelati
771 2521 832 2586 viri
845 2522 913 2605 regi
929 2521 967 2585 de
981 2521 1098 2605 judicio
1122 2521 1181 2586 sibi
1197 2523 1373 2603 commisso,

371 2635 448 2722 quid
476 2639 584 2698 ectum
613 2638 704 2713 esset,
733 2637 857 2696 orantes
886 2637 925 2696 ut
952 2631 1018 2716 ipse
1054 2631 1251 2697 voluntatem
1282 2655 1371 2697 suam

371 2747 469 2812 idem¹
485 2747 529 2810 eis
544 2743 687 2829 aperiret.
733 2743 857 2809 Quibus
871 2741 1017 2828 praecepit
1033 2749 1071 2806 ut
1085 2765 1149 2806 non
1171 2742 1273 2808 solum
1287 2744 1372 2827 quod

371 2855 539 2920 'furstinus
564 2855 682 2939 injuste
705 2853 838 2937 adeptus
865 2853 968 2916 fuerat
984 2852 1017 2914 in
1039 2852 1214 2917 dominium
1239 2834 1372 2918 ecclesiae

371 2967 583 3044 reverterent,⁴
618 2985 727 3028 verum
773 2963 871 3028 etiam
916 2963 1084 3026 damnum⁶
1121 2965 1206 3048 quod
1242 2965 1371 3030 interim

405 3173 413 3206 ¹
431 3176 485 3224 uno
496 3174 627 3236 following
637 3186 746 3234 appears
762 3175 791 3222 to
806 3173 838 3221 be
849 3172 894 3221 the
905 3173 967 3222 writ
975 3174 1154 3234 e-Henricns
1165 3189 1211 3224 rex
1222 3175 1331 3239 Angliae,
1343 3182 1372 3226 et

370 3253 423 3302 dnx
439 3251 606 3301 Normannire
617 3252 644 3298 et
655 3249 810 3312 Aquitaniae,
822 3252 850 3298 et
861 3264 949 3298 comes
960 3250 1125 3313 Andegevie,
1138 3252 1171 3298 H.
1184 3252 1216 3299 de
1227 3253 1371 3302 Oxenelcrd

371 3327 516 3380 vicecomiti
527 3330 554 3376 et
565 3326 694 3375 ministris
706 3327 768 3386 suis,
780 3326 901 3376 salutem.
935 3327 1060 3388 Pmcipio
1071 3327 1144 3376 vobis
1151 3327 1219 3389 quod
1231 3328 1254 3376 si
1265 3328 1372 3378 abbatie

370 3410 403 3457 de
414 3405 584 3457 Abbendonia
600 3405 697 3469 injuste
715 3405 865 3454 dissaisiate
881 3409 922 3454 est
942 3405 974 3452 ds
990 3405 1100 3454 ecclesia
1118 3405 1150 3454 de
1162 3405 1327 3454 Mercheham
1342 3409 1371 3454 et

370 3484 536 3548 pertinentiis
553 3482 615 3541 suis,
632 3485 659 3530 et
676 3480 708 3530 de
719 3481 741 3529 I.
753 3481 815 3530 hida
831 3484 907 3530 terre
917 3485 945 3529 et
956 3481 1064 3529 dimidia
1074 3481 1102 3529 in
1113 3480 1282 3541 Middeltuna,
1295 3485 1322 3531 et
1338 3483 1371 3532 de

369 3560 391 3609 1.
403 3559 465 3608 hide
474 3560 502 3607 in
513 3557 662 3620 Appelscrd,
675 3557 731 3606 sine
750 3557 874 3606 dilatione
892 3572 950 3605 eam
970 3557 1030 3605 inde
1048 3558 1200 3617 resaisistis,
1218 3563 1246 3606 et
1263 3560 1290 3606 in
1307 3574 1371 3621 pace

369 3642 458 3688 tenere
470 3637 580 3696 lecistis,
592 3635 660 3684 mont
671 3635 765 3684 melina
776 3635 863 3683 tenuit
874 3637 989 3696 tempore
1001 3635 1108 3683 Henrici
1117 3636 1194 3698 regis,
1206 3637 1248 3684 evi
1260 3637 1326 3695 mei;
1343 3641 1371 3686 et

369 3717 420 3766 nisi
437 3716 557 3775 feceritis,
572 3713 679 3777 justitia
694 3727 753 3761 mee
768 3713 854 3761 faciat.
887 3713 965 3762 'leste
975 3711 1079 3761 Wcrino
1097 3711 1151 3761 filio
1168 3713 1267 3762 Giroldi
1275 3735 1282 3774 ς
1300 3713 1371 3777 apud

370 3795 543 3845 Wdestoeam.
576 3794 592 3840 2
604 3792 673 3840 Hist.
685 3793 754 3841 Mon.
766 3789 798 3839 de
810 3789 922 3852 Abingd.
934 3793 983 3839 222
997 3791 1068 3852 (Bes.
1081 3790 1176 3851 Gom).

401 3871 412 3904 ¹
429 3871 556 3933 prolatam
569 3870 753 3918 auctoritatem
765 3867 939 3917 studuerint?

403 3947 414 3981 ¹
431 3945 510 3994 indo?
1113 3944 1124 3976 ⁴
1141 3943 1337 3993 reverteretur?

402 4021 412 4054 ¹
429 4021 519 4070 Moeno
529 4021 621 4082 profits
633 4021 660 4068 in
671 4019 716 4069 the
728 4035 799 4070 same
811 4021 899 4069 action
909 4019 937 4068 in
948 4019 1032 4069 which
1048 4020 1093 4068 the
1107 4019 1168 4068 land
1185 4021 1208 4069 is
1223 4019 1367 4070 recovered.

370 4098 419 4148 See
440 4097 560 4156 Glanvill,
580 4098 624 4147 lib.
637 4099 677 4157 12,
695 4112 717 4148 c.
738 4097 843 4157 1831b.
864 4098 909 4147 lib.
927 4101 966 4155 13,
985 4113 1007 4147 c.
1027 4099 1067 4146 38.
1101 4098 1133 4145 In
1149 4098 1194 4145 the
1210 4098 1366 4146 laet-named

369 4176 485 4237 chapter,
507 4175 629 4235 Glanvill,
649 4176 775 4238 speaking
794 4175 824 4224 οἰ
843 4177 888 4224 the
908 4175 1119 4239 recognitiones
1144 4176 1220 4224 novel
1238 4176 1366 4234 disseiain,

368 4265 430 4314 says
441 4270 446 4299 :
459 4253 474 4277 “
483 4250 516 4299 ln
526 4265 560 4300 no
570 4251 646 4300 other
657 4252 816 4314 recognition
825 4251 886 4301 does
894 4253 939 4302 the
946 4253 1085 4316 jndgment
1092 4251 1122 4299 οἰ
1130 4251 1174 4300 the
1180 4255 1255 4300 court
1263 4250 1367 4313 usually

369 4327 444 4376 make
454 4340 507 4390 any
518 4328 633 4376 mention
645 4327 801 4390 ccncerning
811 4327 856 4376 the
868 4327 980 4378 chattels
990 4343 1021 4378 or
1031 4326 1133 4376 fruita?
