3298 5162
708 599 878 646 anensem.
1232 585 1295 646 315

296 753 415 826 episcopo
428 752 577 808 Pietavensi
590 753 636 824 qui
649 753 753 820 aderat;
765 751 942 824 interrogavit
954 771 997 808 eos
1009 753 1074 824 quid
1086 772 1165 825 super
1177 753 1299 825 hujusce·

297 841 368 895 modi
390 859 418 895 re
437 845 507 894 esset
529 841 678 911 agendum
697 845 724 896 et
736 841 800 912 quid
812 842 910 896 feceret
921 840 953 895 de
966 841 1098 911 proditore
1111 860 1167 905 suo,
1179 842 1225 914 qui
1238 860 1299 897 cum

297 935 367 982 esset
379 927 472 982 secreti
485 927 527 981 sui
539 927 666 991 conscius,
679 933 782 999 patrem
795 946 874 982 suum
886 927 915 982 iu
928 927 1017 999 ipsum
1028 945 1192 983 commovere
1204 929 1297 984 voluit

297 1013 371 1068 Tunc
390 1014 497 1085 quidem
516 1013 622 1068 illorum
638 1013 796 1084 judicabant
814 1013 890 1068 illum
909 1032 984 1068 reum
996 1033 1052 1068 esse
1064 1014 1174 1080 mortie;
1193 1014 1301 1086 quidam

295 1099 407 1171 dignum
427 1101 560 1171 suspendi,
579 1101 687 1172 quidam
708 1101 800 1155 vivum
822 1100 956 1156 excoriari.
992 1101 1043 1156 Sed
1067 1102 1211 1174 episcopus,
1224 1103 1300 1174 cujus

296 1206 349 1242 nou
374 1193 430 1242 erat
450 1187 552 1260 judicio
576 1188 715 1258 sanguinis
738 1188 876 1253 interesse,
894 1207 956 1244 eum
975 1187 1085 1244 liberare
1104 1189 1221 1244 tentavit
1237 1188 1301 1260 quia

296 1274 421 1329 diaconus
433 1280 497 1340 eret,
510 1293 627 1330 asserens
646 1274 770 1330 clericum
787 1275 816 1329 in
835 1275 917 1330 sacris
935 1275 1071 1330 ordinibus
1089 1275 1266 1330 coustitutum
1284 1294 1301 1332 a

294 1361 360 1416 luico
378 1381 430 1416 non
448 1381 524 1434 posse
538 1361 661 1434 judicari.
699 1363 773 1418 Tunc
787 1361 897 1432 juvenis
915 1381 961 1418 rex
979 1361 1080 1428 videns,
1099 1362 1169 1434 quod
1194 1367 1301 1434 propter

295 1449 444 1521 episcopum
456 1451 502 1521 qui
515 1449 638 1505 clericum
651 1448 728 1504 illum
740 1449 886 1514 tutabatur,
894 1449 921 1504 in
934 1469 964 1505 eo
976 1449 1060 1504 animi
1073 1450 1115 1504 sui
1127 1455 1216 1505 motus
1228 1449 1299 1505 siout

294 1536 381 1591 voluit
405 1537 537 1592 vindicare
561 1555 614 1592 non
638 1534 848 1607 permittebatur,
880 1536 1010 1607 cogitavit
1033 1535 1130 1607 quibus
1161 1537 1301 1591 tormentis

295 1643 357 1678 cum
376 1623 477 1678 afficere
495 1625 600 1696 potuit,
619 1623 657 1677 ita
678 1626 767 1677 tamen
786 1621 856 1693 quod
877 1641 931 1676 non
943 1622 1142 1687 interficeretur,
1156 1624 1202 1679 sed
1214 1625 1301 1679 obser-

295 1715 411 1774 varetur,
423 1711 505 1765 donec
526 1711 575 1765 hoc
595 1709 751 1764 nunciatum
771 1713 841 1764 asset
860 1709 917 1781 regi
939 1711 1010 1780 patri
1032 1729 1088 1765 suo.
1125 1711 1222 1780 Itaque
1240 1715 1301 1782 post

295 1796 404 1866 longum
417 1797 554 1851 silentium
566 1795 598 1850 ed
612 1814 639 1850 se
652 1814 781 1858 reversus,
794 1796 833 1850 ait
844 1795 975 1850 ministris
994 1797 1058 1860 suis,
1071 1803 1087 1826 ‘¹
1096 1796 1209 1852 Educite
1227 1816 1297 1862 sum,

297 1887 325 1938 et
348 1883 438 1954 ligatis
459 1882 582 1936 manibus
604 1901 621 1936 a
644 1885 728 1953 tergo,
746 1881 848 1936 nudum
867 1901 913 1952 per
931 1881 1031 1954 plateas
1049 1886 1077 1937 et
1094 1883 1166 1938 vices
1183 1883 1300 1938 civitatis

297 1969 409 2040 flagellis
427 1968 527 2032 caedite,
548 1968 700 2032 clementes,
721 1973 752 2023 ut
776 1967 894 2022 universi
919 1967 1012 2032 sciant,
1034 1968 1122 2039 ipsum
1139 1968 1300 2039 proditorem

297 2075 387 2111 meum
408 2075 470 2112 csse.
508 2056 545 2111 Et
566 2055 692 2110 ducentes
712 2074 773 2110 eum
791 2055 821 2109 in
840 2054 1043 2118 Normauniam,
1062 2055 1220 2110 incarcerate
1239 2075 1299 2110 eum

297 2144 367 2215 apud
380 2145 600 2216 Argentomium;
619 2150 646 2199 et
658 2163 705 2214 per
716 2161 900 2216 quamcunque
912 2142 1049 2197 civitatem
1061 2142 1174 2214 ingressi
1186 2143 1299 2207 fueritis,

297 2251 358 2286 eum
370 2232 472 2287 nudum
490 2231 578 2287 ducite
598 2231 762 2302 flagellantes
782 2249 828 2302 per
851 2230 921 2285 vicos
941 2235 969 2286 et
988 2231 1117 2302 plateas.”
1154 2231 1211 2302 Ipsi
1230 2251 1300 2296 vero,

298 2317 366 2373 sicut
382 2319 419 2374 eis
438 2321 597 2389 praeceptum
610 2318 705 2382 fuerat,
718 2317 844 2381 feceruut,
857 2321 884 2372 et
896 2316 1060 2388 flagellatum
1073 2317 1301 2373 incarceraverunt

297 2423 357 2459 eum
381 2405 452 2475 apud
475 2405 690 2477 Argentnmium.
727 2404 847 2474 Cumque
872 2403 899 2458 id
922 2403 1029 2458 domino
1054 2403 1112 2475 regi
1142 2404 1300 2459 nunciatum

296 2497 371 2556 esset,
384 2492 494 2564 indigue
507 2491 616 2556 ferebat,
629 2495 656 2546 et
669 2491 779 2546 mittens
791 2495 904 2562 quatuor
915 2490 1014 2546 milites
1027 2491 1059 2544 dc
1077 2490 1182 2546 familia
1200 2511 1249 2547 sua
1267 2493 1300 2548 ad

296 2598 386 2650 regem
406 2579 490 2632 filium
512 2597 599 2642 suum,
620 2577 758 2632 mandavit
770 2577 802 2642 ei,
816 2581 846 2632 ut
859 2577 915 2632 sine
928 2595 1002 2632 mora
1013 2577 1123 2632 clericus
1135 2578 1180 2634 ille
1192 2579 1226 2634 ed
1238 2598 1299 2634 eum

296 2667 454 2720 mitteretur.
492 2663 586 2718 Paruit
610 2681 673 2734 ergo
698 2663 755 2734 ipse
778 2662 912 2717 mandatis
936 2664 1021 2734 patris
1045 2665 1096 2729 sni,
1121 2664 1167 2720 sed
1191 2665 1300 2720 moleste

297 2751 405 2816 screbat,
429 2751 500 2822 qnod
524 2750 633 2806 clericus
657 2749 701 2805 ille
724 2749 802 2804 vivus
826 2749 957 2806 recederet
981 2750 1014 2804 ab
1039 2769 1077 2805 eo.
1115 2751 1167 2820 Qui
1191 2770 1252 2806 cum
1271 2751 1299 2804 in

297 2838 411 2894 vinculis
435 2836 467 2891 ed
492 2837 631 2892 dominum
655 2855 744 2908 regern
768 2838 796 2890 in
821 2836 948 2906 Angliem
966 2837 1113 2900 duceretur,
1134 2837 1220 2893 noluit
1238 2857 1299 2893 eum

297 2927 418 2981 vinctum
438 2925 559 2996 recipere,
579 2925 642 2996 quia
661 2924 778 2979 solutum
800 2942 859 2978 eum
873 2923 1020 2978 tradideret
1033 2924 1090 2996 regi
1103 2924 1157 2978 filio
1170 2944 1235 2990 suo;
1255 2924 1301 2979 sed

298 3014 429 3087 pracepit,
453 3017 484 3067 ut
507 3013 536 3066 in
562 3011 675 3066 vinculis
700 3011 877 3066 custodiretur
900 3009 982 3066 donec
1002 3011 1105 3066 locutus
1125 3011 1220 3067 fuisset
1239 3031 1300 3067 cum

297 3101 406 3157 concilio
426 3119 482 3164 suo,
495 3101 559 3172 quid
579 3101 610 3154 de
623 3119 653 3154 eo
665 3105 796 3171 ageretur.
833 3098 942 3154 Etcum
956 3098 1156 3154 custodiendum
1169 3119 1301 3155 commen·

298 3189 373 3244 davit
384 3187 473 3242 abbati
487 3188 518 3241 de
532 3187 605 3242 Hide
617 3187 760 3241 Wintonae.

331 3275 386 3328 The
398 3279 466 3328 term
479 3279 494 3302 “
504 3273 738 3327 vice-chancelior”
751 3277 824 3327 must
836 3277 883 3327 not
895 3272 926 3328 be
940 3274 1019 3328 taken
1033 3293 1062 3328 as
1075 3273 1230 3344 suggestive
1242 3273 1272 3328 of
1284 3293 1300 3328 ιι

297 3365 372 3416 court
384 3359 413 3414 oi
430 3360 558 3430 chancery
571 3359 666 3413 atthis
680 3359 752 3413 time.
789 3358 853 3413 Itis
866 3358 930 3413 used
943 3359 970 3411 iu
984 3379 999 3412 a
1013 3359 1100 3414 liter-al
1112 3378 1195 3422 sense,
1209 3359 1239 3412 of
1250 3377 1301 3412 one

296 3448 387 3518 acting
399 3447 426 3500 iu
439 3447 485 3500 the
498 3446 571 3516 place
584 3445 614 3502 os
622 3445 668 3500 the
687 3444 761 3499 chief
778 3449 918 3515 secretary,
933 3445 979 3499 the
998 3445 1154 3501 chancellor.
1191 3445 1224 3498 In
1244 3445 1299 3498 this

294 3553 377 3599 sense,
390 3534 413 3588 it
426 3551 478 3586 was
490 3536 518 3586 at
531 3531 585 3586 this
597 3531 663 3586 time
675 3531 703 3585 iu
715 3549 834 3585 common
849 3549 904 3595 use,
916 3535 944 3584 at
957 3531 1024 3585 least
1036 3549 1070 3585 on
1084 3531 1129 3585 the
1142 3530 1296 3586 Continent.

295 3624 343 3677 See
356 3623 371 3676 l
386 3621 475 3692 Roger
486 3619 518 3674 da
532 3619 687 3684 Horonden‚
701 3637 745 3690 pp.
757 3621 819 3682 416,
832 3619 885 3672 438
900 3618 1009 3687 (Bohn).

771 3857 813 3922 H.

564 3995 684 4050 WRITS
704 3993 809 4050 FROM
829 3991 1031 4048 GLANVILL.

296 4136 392 4176 Batava
408 4135 445 4174 Dii
461 4133 691 4173 SUMMONITIONE
710 4131 856 4170 nemum
870 4129 998 4168 rsonae
1013 4128 1117 4166 DEBITA
1131 4129 1298 4168 annualem.

333 4224 388 4278 Rex
401 4220 549 4276 vicecomiti
562 4219 683 4274 salutern.
721 4218 828 4288 Precipe
842 4217 876 4272 N.
891 4215 960 4287 quod
975 4215 1049 4286 juste
1061 4218 1089 4269 et
1101 4215 1157 4271 sine
1170 4215 1297 4272 dilatione

296 4308 389 4366 reddat
403 4311 436 4364 lt.
448 4313 554 4363 centum
568 4317 678 4370 marcae,
690 4323 756 4376 quas
775 4304 798 4360 ei
811 4302 896 4366 debet,
910 4307 941 4356 ut
954 4301 1027 4366 dicit,
1040 4305 1067 4357 et
1084 4302 1153 4358 unde
1171 4302 1299 4374 queritur,
