3298 5162
330 621 394 684 320
734 635 906 680 sensnum.

423 857 520 898 BBBVB
536 856 575 896 DE
595 855 675 896 NOVA
691 855 855 894 msssrsms
872 853 910 893 DE
931 853 1038 892 LIBERO
1052 853 1240 896 THERMO.

366 981 422 1035 Rex
442 978 591 1034 vicecomiti
609 977 731 1032 sulutem.
768 975 885 1044 Questus
903 981 945 1030 est
963 975 1029 1030 mihi
1049 975 1083 1030 N.
1097 976 1168 1047 quod
1183 977 1216 1031 R.
1230 977 1333 1048 injuste

328 1071 355 1122 et
368 1067 424 1121 sine
432 1065 534 1136 judicio
546 1063 690 1120 dissaisivit
702 1082 764 1118 enm
777 1063 809 1118 de
825 1063 907 1119 libero
920 1067 1072 1118 tenemento
1090 1081 1138 1117 suo
1156 1064 1185 1117 in
1205 1064 1251 1118 ills
1269 1064 1334 1120 vilis

327 1157 388 1224 post
410 1151 532 1206 ultimam
550 1149 798 1205 transfretationem
815 1168 901 1204 meum
919 1149 947 1203 in
967 1148 1170 1204 Normsnnism.
1215 1150 1253 1206 Et
1273 1151 1332 1206 ideo

328 1237 378 1294 tibi
391 1237 505 1309 precipio
517 1238 588 1309 quod
604 1237 628 1292 si
647 1236 768 1307 prefatus
781 1235 817 1290 N.
831 1235 923 1292 feccrit
936 1239 962 1290 te
976 1255 1096 1290 securum
1109 1236 1141 1291 de
1154 1236 1267 1294 clamore
1285 1257 1334 1294 sno

328 1322 516 1396 prosequendo,
530 1327 594 1378 tuno
610 1321 692 1376 iacias
706 1326 887 1377 tenementum
900 1321 968 1376 illud
986 1321 1101 1376 reseisiri
1113 1321 1269 1387 densitatis,
1281 1344 1332 1396 que

327 1409 357 1465 in
375 1429 406 1466 ee
423 1413 500 1482 capte
517 1409 627 1464 fuerunt
645 1413 672 1463 et
690 1409 777 1479 ipsum
796 1412 977 1463 tenementum
990 1427 1051 1463 cum
1064 1409 1166 1490 catellis
1178 1429 1233 1466 esse
1249 1411 1330 1466 sacius

327 1497 356 1551 in
369 1515 431 1568 pace
443 1513 525 1566 usque
538 1495 572 1549 sd
584 1494 704 1549 clausum
717 1493 817 1548 Pusche
829 1499 857 1549 et
869 1494 976 1548 interim
989 1494 1072 1549 iscius
1085 1495 1223 1551 duodecim
1235 1497 1331 1553 liberos

328 1587 355 1638 et
372 1582 469 1654 legales
482 1582 602 1636 homines
611 1580 645 1635 de
656 1580 770 1636 visineto
782 1580 871 1636 videre
884 1586 981 1636 terram
995 1581 1068 1635 illum
1081 1587 1109 1636 et
1122 1583 1229 1638 nomina
1242 1603 1331 1640 eorum

327 1669 479 1724 imbrevisri
492 1667 572 1724 iscius
590 1673 617 1724 et
635 1686 773 1723 summoue
791 1666 850 1722 illos
868 1686 915 1739 per
933 1667 1016 1722 bonos
1035 1669 1248 1734 summonitores,
1260 1672 1331 1743 quod

327 1761 392 1812 tunc
410 1757 466 1812 sint
476 1775 564 1812 comm
582 1774 625 1810 me
644 1754 687 1811 vel
704 1754 822 1826 justiciis
842 1754 908 1808 meis
927 1755 1014 1826 parati
1032 1755 1094 1810 inde
1112 1757 1195 1812 fecere
1213 1761 1330 1831 recogni-

327 1844 436 1899 tionem.
474 1843 511 1897 Et
528 1861 596 1913 pone
614 1859 660 1911 per
671 1841 781 1896 vadium
799 1845 827 1896 et
845 1840 931 1894 sulcos
949 1841 1050 1912 plegios
1069 1841 1216 1912 predictum
1236 1845 1269 1899 R.
1289 1846 1330 1900 vei

327 1931 455 1986 ballivum
477 1949 564 1994 suum.
586 1929 609 1982 si
631 1928 686 1999 ipse
708 1946 762 1982 non
783 1927 865 1982 fuerit
890 1926 1024 1992 inuentus,
1049 1927 1120 1998 quod
1145 1933 1209 1984 tunc
1236 1931 1272 1986 sit
1293 1933 1329 1987 ibi

327 2019 467 2074 auditurus
477 2017 551 2072 illem
560 2013 775 2087 recognitionem.
813 2015 850 2069 Et
863 2013 1007 2070 habessibi
1019 2019 1067 2069 etc.
1094 2015 1124 2069 T.
1134 2019 1183 2071 etc.
1219 2017 1279 2074 Lib.
1288 2021 1330 2084 13,

327 2123 349 2160 e.
363 2105 406 2160 33.

327 2383 422 2422 BBBVB
442 2384 481 2423 Μ
492 2384 572 2424 novt
585 2383 747 2424 msssssnu
761 2383 798 2424 DE
813 2385 933 2424 POSSATO
953 2385 1064 2425 LBVA'I'O
1084 2385 1139 2425 VEL
1158 2387 1329 2429 PBOSTBA'I'O.

363 2503 421 2558 Rex
432 2503 579 2560 vicecomiti
598 2503 720 2560 salutem.
759 2505 874 2574 Questus
893 2508 934 2561 est
953 2505 1020 2560 mihi
1039 2507 1074 2562 N.
1087 2507 1158 2578 quod
1177 2507 1210 2562 R.
1230 2509 1329 2582 injuste

326 2593 353 2644 et
365 2591 422 2646 sine
431 2590 532 2660 judicio
545 2591 645 2647 levavit
658 2591 789 2664 quoddsm
802 2592 934 2648 fossatum
946 2592 989 2648 vel
1000 2594 1146 2664 prostravit
1157 2593 1186 2648 in
1204 2595 1251 2650 ills
1264 2597 1328 2652 silla

326 2677 360 2732 sd
372 2683 560 2734 nocumentum
578 2677 655 2733 liberi
673 2679 821 2734 tenementi
833 2680 874 2734 sui
893 2679 922 2734 iu
941 2679 1032 2735 eedem
1046 2679 1110 2734 vilis
1127 2685 1187 2752 post
1203 2682 1328 2740 ultimum

325 2765 569 2822 transfretationem
589 2784 676 2820 meum
697 2766 727 2820 in
748 2766 953 2822 Normannism.
997 2767 1034 2822 ut
1055 2767 1112 2822 ideo
1132 2768 1181 2824 tibi
1203 2771 1327 2842 precipio,

325 2853 395 2925 quod
407 2853 430 2907 si
442 2853 560 2925 preistus
572 2854 608 2907 N.
621 2852 716 2910 fecerit
728 2859 754 2909 te
769 2873 890 2910 securum
903 2855 935 2910 de
947 2854 1060 2911 clamore
1072 2873 1121 2910 suo
1138 2861 1327 2930 prosequendo,

325 2941 390 2991 tuno
410 2935 490 2990 tucius
513 2935 651 2991 duodecim
672 2936 768 2991 liberos
794 2941 842 2992 etc.
861 2938 1098 2994 videresossstum
1117 2939 1230 2996 illudet
1253 2947 1325 2998 tene·

324 3026 446 3076 mentum
465 3027 493 3077 et
514 3021 623 3076 nomine
642 3039 732 3076 eorum
754 3023 907 3078 imbreviari
928 3025 1017 3079 secius.
1054 3026 1091 3082 Et
1115 3045 1254 3084 summoue
1279 3049 1326 3102 per

324 3107 407 3163 bonos
419 3107 621 3162 summonitores
633 3111 683 3162 ete.
696 3113 727 3162 ut
740 3109 822 3179 prius.
862 3109 921 3165 Lib.
937 3111 978 3176 13,
991 3129 1013 3167 o.
1026 3113 1070 3168 ³5.

425 3375 521 3414 Bssvs
540 3375 578 3414 Du
597 3377 677 3416 novi
696 3377 860 3417 mssslsms
879 3379 917 3418 DE
930 3379 1073 3421 commum
1088 3383 1223 3423 Pessum.

361 3479 418 3534 Rex
430 3479 577 3536 vicecomiti
590 3481 711 3536 salutem.
748 3481 863 3550 Questus
882 3489 923 3538 est
940 3483 1008 3538 milri
1026 3485 1071 3554 N.‚
1084 3488 1155 3558 quod
1174 3487 1208 3544 R.
1227 3489 1327 3559 injuste

323 3571 351 3622 et
368 3567 426 3623 sine
441 3567 541 3640 judicio
553 3568 698 3624 disseisirit
710 3587 771 3624 eum
784 3569 816 3624 de
828 3572 962 3626 communi
974 3577 1085 3643 pssturs
1097 3593 1145 3630 sus
1157 3576 1185 3630 in
1197 3575 1244 3632 ilis
1256 3579 1327 3644 vilis,

324 3673 375 3727 que
393 3655 510 3726 pertinet
529 3654 562 3709 sd
580 3655 692 3711 liberum
712 3661 895 3713 tenementum
914 3661 1040 3715 suumin
1059 3662 1149 3717 eadem
1161 3663 1225 3718 villu
1237 3665 1280 3720 vel
1297 3667 1326 3720 in

323 3741 370 3796 illa
381 3741 435 3796 slis
446 3741 519 3805 vilis,
528 3745 588 3813 post
601 3742 724 3798 ultimam
737 3763 821 3799 meum
832 3745 1075 3802 transfretet-ionem
1085 3748 1113 3802 in
1123 3749 1325 3807 Normsnninm.

324 3828 361 3884 Et
380 3828 439 3884 ideo
458 3828 573 3900 precipio
594 3829 652 3894 tibi,
671 3831 740 3901 quod
760 3831 783 3885 si
805 3832 923 3902 prefatus
947 3832 983 3887 N.
1002 3835 1093 3890 fecerit
1110 3839 1137 3891 te
1154 3855 1276 3892 securum
1294 3839 1327 3895 de

322 3915 434 3972 clmnore
452 3933 500 3970 suo
519 3917 708 3988 prosequendo,
722 3921 786 3974 tunc
804 3917 886 3973 iscius
905 3919 1042 3974 duodecim
1060 3920 1157 3977 liberos
1174 3925 1223 3978 etc.
1236 3923 1326 3980 videre

322 4007 460 4072 pasturam
472 4001 546 4057 iilam
559 4006 587 4058 et
598 4007 779 4059 tenementum
792 4009 819 4060 et
831 4005 940 4060 nomine
952 4023 1043 4061 eorum
1056 4011 1106 4082 etc.
1131 4007 1189 4062 Lib.
1199 4011 1241 4074 13,
1250 4029 1271 4064 c.
1281 4011 1324 4068 37.
