3286 5150
734 697 843 746 usum
866 699 903 746 11.
1251 687 1312 751 197

315 840 344 892 in
354 845 453 896 several
470 861 551 909 enses,
569 849 596 899 in
607 851 671 900 suoh
682 867 791 902 mennon
801 869 830 903 ns
847 869 908 918 moy
920 855 952 904 be
968 853 1083 915 ordered,
1099 855 1150 905 end
1166 855 1194 906 in
1205 856 1251 906 the
1261 855 1315 908 lust

312 935 379 978 mse,
397 924 431 987 by
448 924 493 974 the
510 927 596 976 ordeel
608 927 638 976 oi
650 929 796 988 iim-like
815 931 860 980 the
876 935 920 980 not
939 931 970 981 oi
984 932 1030 982 the
1049 932 1147 996 parties
1163 937 1192 982 to
1207 948 1225 983 s
1240 933 1310 984 trini.

312 997 384 1048 Thus
396 1015 449 1050 was
461 1004 580 1064 supplied
597 1004 643 1054 the
659 1005 734 1068 plnoe
745 1008 775 1056 of
791 1008 838 1057 the
855 1009 970 1073 sunetity
983 1009 1013 1058 of
1027 1023 1062 1058 su
1077 1007 1147 1058 ooth.
1183 1007 1310 1072 Compare

312 1075 455 1130 Bsinnldus
465 1097 489 1130 v.
500 1081 588 1132 Abbot
599 1083 629 1132 of
637 1083 793 1146 Glouosster‚
803 1090 869 1146 port.

371 1589 498 1670 [Aeson
520 1587 707 1651 Wsnruuru
728 1608 756 1650 e.
778 1587 921 1651 Tuusrru
945 1587 1077 1652 Bessnr.
1124 1589 1264 1672 1158?]¹

311 1745 412 1811 [Abbot
422 1745 558 1804 Wslkelin,
565 1745 680 1808 nlleging
690 1744 749 1793 thot
758 1743 792 1794 he
803 1744 850 1793 hes
861 1744 927 1794 been
938 1742 1062 1794 disseissd
1073 1747 1109 1810 by
1117 1747 1311 1797 thedeiendsnt

374 1822 403 1872 oi
418 1837 436 1872 o
446 1822 546 1872 oertnin
556 1821 631 1880 tithe,
643 1821 746 1870 obtsins
759 1835 776 1868 e
786 1821 846 1868 writ
858 1821 924 1868 from
936 1821 981 1869 the
992 1821 1055 1884 king
1072 1824 1254 1884 commending
1270 1823 1311 1872 his

373 1900 529 1949 mstomuon
546 1913 617 1962 upon
633 1899 805 1961 establishing
824 1899 865 1946 his
881 1899 958 1947 einim
970 1899 1025 1962 (the
1036 1901 1096 1948 writ
1107 1901 1163 1949 niso
1174 1902 1311 1965 providing

374 1978 414 2026 ior
424 1978 470 2026 the
481 1976 542 2026 triel
554 1976 584 2026 oi
596 1976 642 2026 the
654 1977 726 2038 right
737 1981 765 2026 to
776 1977 877 2025 oertsin
896 1977 958 2026 lond
968 1979 996 2026 in
1007 1978 1052 2026 the
1063 1979 1212 2040 possession
1222 1979 1252 2027 oi
1266 1980 1311 2028 the

373 2055 537 2119 defendent).
569 2055 623 2103 The
643 2054 704 2102 trini
723 2069 808 2103 eomes
825 2069 866 2114 on,
878 2055 930 2102 und
948 2055 994 2105 the
1011 2056 1127 2118 plnintiff
1134 2071 1253 2106 reoorers
1264 2056 1311 2106 the

373 2134 440 2184 tithe
451 2133 541 2198 bytho
552 2133 693 2196 testimony
705 2132 734 2182 of
747 2132 792 2182 the
803 2136 908 2196 oonnty.
939 2133 977 2183 As
995 2137 1023 2183 to
1039 2134 1086 2184 the
1099 2134 1168 2195 lund,
1184 2149 1227 2184 ses
1241 2137 1310 2194 muts,

373 2227 399 2276 p.
413 2210 468 2263 16⁷.

307 2335 463 2401 'l'uuuorm
473 2359 534 2422 quo
550 2333 716 2400 'liustinus
733 2333 871 2399 Simonis
882 2333 965 2399 filius
979 2340 1097 2401 terrem
1108 2341 1141 2402 et
1150 2335 1311 2403 eeclesiam

307 2446 346 2512 de
356 2447 530 2527 Metabum,
540 2453 578 2512 ut
589 2469 683 2532 supra
696 2445 860 2525 diximus‚²
875 2444 994 2531 injuste
1007 2447 1146 2527 tenebat,
1156 2446 1310 2513 decimam

306 2581 429 2645 quoque
452 2559 593 2644 ejusdem
619 2557 700 2623 villae
723 2556 862 2636 saisavit,
886 2580 955 2642 quae
981 2558 1021 2623 ed
1039 2558 1198 2626 eeclesiam
1221 2559 1309 2624 illum

306 2689 371 2733 non
393 2668 580 2753 pertinebat,
600 2669 654 2734 sed
675 2668 715 2732 ad
735 2667 890 2733 luminare
911 2668 1019 2733 ulteris
1044 2670 1140 2754 hujus
1165 2668 1308 2736 ecclesie

305 2781 354 2844 Ea
376 2781 414 2845 de
440 2802 532 2845 eausa
558 2779 686 2864 quidem
710 2803 749 2844 ex
773 2778 922 2843 fratribus
947 2780 987 2844 ed
1001 2801 1108 2865 regem
1122 2787 1210 2845 trans
1224 2802 1309 2846 mere

304 2890 465 2976 dirigitur,
479 2897 516 2955 ut
541 2913 596 2974 per
620 2891 689 2975 ejus
712 2887 872 2974 justitium
896 2895 930 2955 et
954 2890 1173 2956 auctoritatem
1188 2896 1308 2956 rectum

304 3025 396 3066 suum
423 3000 556 3068 eoelesiae
579 3000 805 3066 restitueretur.
852 2999 944 3066 Quod
971 3007 1004 3066 et
1027 3001 1073 3066 its
1097 3001 1216 3066 foetum
1240 3005 1306 3081 est3

304 3113 425 3179 rediens
455 3112 540 3179 enim
573 3114 679 3191 frater,
701 3110 755 3196 qui
785 3110 898 3174 missus
920 3112 1032 3192 fuerat,
1053 3112 1147 3178 breve
1180 3135 1199 3177 a
1234 3135 1308 3198 rege

303 3224 522 3289 transmissum
536 3223 570 3287 iu
585 3223 650 3288 haeo
664 3223 759 3288 ve'rbu
773 3223 961 3308 reportavit:

350 3334 516 3413 Henrieus,
527 3356 582 3398 rex
591 3332 728 3418 Angliee,
739 3339 772 3398 et
782 3333 846 3397 dux
856 3332 1061 3397 Normanuiae
1074 3338 1106 3398 et
1115 3333 1307 3418 Aquitaniae,

304 3449 337 3508 et
352 3465 454 3508 eomes
469 3441 671 3526 Andegaviae,
685 3440 861 3506 vioeoomiti
877 3463 933 3506 suo
948 3447 981 3506 et
1003 3441 1155 3506 ministris
1180 3443 1245 3505 suis
1267 3443 1306 3508 de

245 3629 252 3636 ι
305 3551 513 3631 Berohescira,
528 3551 672 3615 sulutem.
719 3550 756 3616 Si
777 3550 906 3616 eeclesia
919 3551 957 3615 de
974 3551 1170 3616 Abbendoue
1194 3553 1307 3617 habuit

302 3665 456 3730 decimum
489 3664 528 3728 de
560 3664 723 3728 Merohem
755 3663 795 3726 sd
826 3661 981 3726 luminare
1001 3661 1144 3742 ecclesie,
1166 3669 1306 3749 tempore

305 3775 436 3841 Henrioi
460 3773 555 3859 regis,
569 3774 621 3838 evi
646 3773 720 3852 mei,
734 3779 767 3838 et
792 3795 874 3837 enno
889 3779 922 3837 et
936 3772 987 3836 die
1000 3795 1063 3857 que
1077 3772 1139 3837 fuit
1160 3780 1304 3839 mortuus

303 3893 336 3952 et
358 3884 461 3966 vivus,
482 3891 515 3950 et
539 3893 622 3970 post,
646 3890 678 3949 et
703 3883 775 3948 inde
799 3883 841 3948 sit
863 3882 1020 3948 disseisitn
1041 3881 1160 3968 injuste
1182 3891 1215 3950 et
1237 3885 1306 3952 sine

301 3995 431 4083 judicio,
452 4003 529 4061 tuno
564 3995 707 4080 praeoipio
744 3995 825 4080 quod
862 3993 928 4059 sine
964 3993 1112 4059 diletione
1133 3993 1206 4061 inde
1234 4019 1304 4061 eam

302 4107 490 4188 resaisistis3
513 4112 546 4173 et
565 4105 612 4172 ita
628 4105 717 4184 bene,
733 4111 767 4172 et
787 4103 820 4170 in
838 4127 924 4190 paee,
938 4109 971 4169 et
989 4102 1094 4184 libere,
1109 4110 1142 4171 et
1159 4105 1256 4190 juste,
1271 4115 1305 4172 et

302 4218 417 4305 quiete,
431 4225 536 4283 tenere
552 4216 672 4281 societis
692 4214 774 4280 sieut
792 4214 903 4280 melius
917 4222 949 4280 et
963 4214 1089 4280 liberius
1104 4215 1208 4280 tenuit
1223 4223 1302 4282 tem·

336 4380 343 4412 ¹
361 4383 378 4430 2
390 4381 458 4431 Hist.
471 4381 540 4430 Mon.
552 4379 664 4444 Abingd.
676 4379 724 4428 225
737 4378 808 4444 (Boo.
821 4379 926 4444 Gom.).*
1065 4379 1073 4414 ¹
1089 4379 1164 4441 Aule,
1176 4396 1202 4444 p.
1214 4380 1271 4432 167.
