3286 5150
371 624 433 686 258
611 641 743 688 rmorrn
766 642 1114 690 mocoronulnnrcr.

368 791 495 872 tanniae,
527 797 560 856 et
589 813 692 858 comes
724 793 928 878 Andegnviae,
961 796 1200 862 vicecomitibus
1232 797 1298 862 suis
1334 804 1368 863 et

368 901 533 982 ministris,
563 902 707 968 sulutem.
763 905 912 989 Praecipio
935 907 1018 991 quod
1047 913 1117 972 tote
1141 913 1227 973 terro
1255 931 1363 975 mone·

367 1011 498 1078 chorum
514 1013 716 1080 Gloucestriae
731 1015 775 1080 sit
789 1015 888 1082 libero
902 1024 936 1082 et
949 1018 1057 1103 quiete
1071 1019 1110 1084 de
1125 1019 1263 1104 caringio
1285 1041 1365 1098 meo,

367 1126 401 1186 et
423 1123 611 1208 summegio‚
637 1131 670 1189 ct
698 1125 866 1204 conductu,
890 1133 925 1192 et
954 1127 1102 1193 omnibus
1131 1128 1366 1213 operationibus

368 1231 456 1298 meis.
500 1233 591 1298 'l'este
607 1233 727 1300 onoma
741 1235 933 1303 cancellario.

526 1738 693 1823 [erunnn
716 1765 744 1805 v.
761 1740 874 1804 Anum
896 1758 935 1804 or
958 1739 1211 1824 Groocnsrnn.]¹

369 1887 451 1951 [ouer
466 1889 495 1940 of
510 1891 585 1953 proci
600 1891 693 1956 bytho
709 1890 764 1940 carl
775 1891 806 1940 οι·
819 1890 954 1948 Bonosum,
971 1891 999 1939 in
1015 1889 1109 1940 favour
1120 1890 1149 1940 of
1160 1890 1206 1940 the
1216 1889 1361 1940 defendunt

752 1983 783 2018 ce
794 1971 823 2018 ιο
834 1968 896 2018 lund
906 1972 935 2017 et
948 1967 991 2032 R.]

366 2105 618 2189 Hunn100,regi
641 2104 778 2189 Angliae,
794 2104 866 2170 duci
890 2104 1095 2170 Normenniae
1118 2110 1150 2169 ct
1172 2105 1363 2189 Aquitaniae,

363 2219 396 2278 et
421 2214 530 2279 comiti
556 2213 762 2300 Andegcviae,
787 2213 915 2280 domino
940 2237 996 2279 suo
1020 2213 1192 2294 carissimo,
1218 2215 1363 2299 Rogeme

362 2346 466 2390 comes
483 2323 685 2406 Herennio,
700 2325 844 2408 salntem.
891 2323 1006 2389 Sciatis
1020 2323 1104 2409 quod
1118 2345 1188 2408 ego,
1204 2327 1238 2388 et
1257 2329 1362 2388 totum

362 2433 562 2498 hundredum
577 2434 687 2519 inquo
703 2441 752 2500 eet
766 2441 850 2499 terra
865 2433 903 2500 de
925 2432 1053 2519 Rugge,
1069 2455 1164 2518 quum
1188 2431 1362 2498 Ruinnldus

362 2543 401 2608 de
417 2544 534 2608 Sancto
550 2544 707 2610 Walarico
729 2545 940 2610 calumniatur
963 2566 1070 2609 versus
1092 2543 1239 2609 abbatem
1263 2543 1362 2608 (ilon-

361 2653 491 2734 cestriae,
515 2653 731 2735 testificamur,
757 2661 790 2720 et
815 2655 945 2741 probare
970 2655 1072 2740 parati
1097 2676 1219 2733 sumus,
1244 2653 1300 2718 ubi
1329 2659 1363 2718 et

361 2765 486 2850 quondo
508 2764 597 2830 vobis
619 2765 782 2850 placuerit,
805 2770 839 2832 et
860 2765 944 2830 sicut
960 2765 1085 2850 justum
1108 2763 1214 2842 fuerit,
1229 2764 1361 2829 eandem

360 2883 478 2941 terram
507 2899 573 2941 esse
603 2877 780 2941 membrum
807 2875 890 2941 villee
912 2876 951 2941 de
979 2875 1135 2954 Stanedis‚
1159 2897 1227 2959 quae
1252 2881 1301 2940 est
1321 2873 1360 2939 de

360 2986 487 3050 abbatia
511 2986 723 3065 Glouceetrim,
744 2993 776 3051 et
798 2985 992 3070 respondisse
1015 3007 1137 3068 semper
1161 2984 1200 3050 ab
1227 2984 1360 3068 antiquo

360 3096 399 3162 de
423 3094 702 3161 consuetudinibus
728 3095 885 3179 regalibus
908 3095 990 3159 sicut
1016 3094 1193 3159 membrum
1218 3094 1359 3177 ejusdem

359 3205 451 3272 villae.
496 3204 591 3270 Unde
613 3204 700 3288 juste
727 3205 862 3282 videtur,
889 3205 916 3269 si
946 3205 1036 3270 vobis
1063 3205 1175 3290 placet,
1205 3211 1243 3270 ut
1274 3204 1357 3269 idem

360 3316 457 3382 abbas
485 3315 600 3382 habent
628 3314 702 3381 inde
731 3315 850 3380 curium
880 3338 981 3396 suam,
1011 3315 1060 3380 vel
1090 3314 1245 3401 placitum
1283 3321 1359 3379 ante

355 3427 516 3513 justitiam
533 3431 669 3492 vestram
684 3426 726 3491 eit
741 3426 775 3490 iu
791 3425 963 3511 provincia,
980 3424 1035 3489 ubi
1050 3424 1094 3489 rei
1110 3425 1227 3490 veritus
1241 3423 1360 3510 poterit

361 3537 478 3624 inquiri
492 3560 549 3622 per
562 3537 762 3602 comitatum.
806 3535 930 3601 Valete.

391 3689 460 3754 [The
467 3690 549 3739 above
556 3689 579 3738 ie
586 3693 633 3738 not
644 3692 673 3737 ιο
684 3689 716 3737 be
726 3687 888 3738 consonndcd
897 3687 961 3736 with
968 3688 1014 3737 the
1022 3691 1113 3737 return
1121 3686 1152 3736 οι·
1157 3701 1191 3736 un
1199 3685 1360 3750 inquisition,

357 3769 406 3818 but
418 3768 440 3817 ie
451 3771 480 3816 ιο
490 3768 523 3816 bo
534 3766 683 3816 considered
694 3781 724 3816 ce
735 3780 752 3816 u
762 3781 832 3816 mem
843 3767 963 3828 petition,
976 3781 1044 3828 npon
1056 3765 1186 3816 meemion
1196 3764 1247 3814 und
1259 3765 1322 3815 offer
1333 3765 1364 3814 of

360 3845 445 3970 prlbii
456 3919 588 3982 following
598 3919 687 3969 record
699 3919 729 3968 ol
742 3935 776 3970 en
792 3919 944 3982 inquisition
964 3917 992 3968 of
1009 3920 1054 3968 the
1067 3918 1143 3982 reign
1160 3916 1189 3967 oi
1204 3918 1295 3982 Hem-y
1307 3917 1358 3968 ΠΙ.

357 3999 443 4049 shown
454 3999 500 4048 the
511 4000 605 4046 nature
616 3997 646 4046 oi
653 3995 717 4047 such
728 4012 745 4045 e
755 3996 911 4059 proceeding
920 3994 972 4060 :-]
985 3993 995 4024 ²

402 4137 564 4202 Gilbertus
583 4135 621 4202 dc
644 4135 747 4216 clare,
761 4157 864 4201 comes
880 4133 1084 4200 Gloucestriee
1098 4139 1132 4200 et
1156 4131 1358 4212 Herefordiae‚

437 4317 445 4352 1
462 4308 583 4358 nebron.
596 4309 666 4358 Mon.
679 4308 769 4358 Glouc.
781 4310 814 4360 98
828 4309 899 4368 (lieo.
911 4307 1006 4371 Gom).
1139 4303 1149 4335 ²
1167 4307 1207 4355 Ib.
1218 4307 1258 4356 26.
