3298 5162
648 1456 944 1566 APPllNlllll

783 1735 823 1795 A.

299 1887 426 1956 [Brsreoa
454 1886 598 1942 Wunems
626 1904 651 1941 o.
678 1887 777 1941 Aerior
802 1887 937 1940 Wnnrsn.
974 1885 1212 1954 Aaour1077(P)
1239 1901 1301 1941 nso

723 1973 868 2042 meo-e]
878 1975 886 2006 ¹

296 2113 376 2183 [Tne
393 2111 442 2166 full
454 2115 512 2167 text
527 2109 557 2164 of
567 2110 618 2165 the
636 2110 751 2182 original
765 2110 826 2165 writ
847 2109 961 2168 referred
980 2114 1009 2164 to
1028 2109 1056 2164 in
1074 2110 1120 2165 the
1138 2115 1209 2174 note,
1227 2117 1302 2176 onte,

297 2218 323 2271 p.
337 2201 380 2262 18,
392 2199 415 2253 is
427 2218 456 2253 ae
468 2196 569 2252 follows
580 2197 638 2267 :-]

333 2285 376 2338 W.
390 2305 435 2340 rex
452 2285 604 2356 Anglorum
622 2283 775 2339 Lenlranco
793 2283 989 2356 archiepiscopo
1002 2287 1030 2338 et
1041 2283 1164 2339 Gossrido
1182 2285 1304 2356 episeopo

298 2372 496 2428 Constantionei
509 2371 631 2426 salutem.
669 2371 760 2427 Facite
779 2371 818 2425 ita
829 2389 885 2426 esee
904 2389 991 2426 socam
1004 2374 1031 2425 et
1043 2389 1129 2425 sacam
1148 2372 1217 2427 inter
1235 2373 1303 2444 epie-

298 2478 394 2531 copum
405 2459 562 2516 Wletanum
575 2463 602 2514 et
614 2458 770 2515 Waltorum
790 2457 914 2513 abbatem
933 2457 965 2512 de
978 2457 1122 2523 Eueeham‚
1136 2458 1206 2513 sicut
1226 2463 1304 2514 erant

300 2547 351 2611 die,
363 2565 417 2618 qua
430 2544 583 2610 novieoime,
595 2549 716 2616 temporo
735 2544 806 2615 regis
819 2543 966 2608 Eduuardi,
978 2543 1086 2616 geldum
1105 2549 1239 2617 occeptum
1251 2546 1305 2601 fuit

300 2633 333 2687 ad
353 2632 492 2704 navigium
517 2631 678 2696 faciendum,
700 2635 727 2686 et
746 2631 780 2686 ad
798 2630 872 2686 istud
889 2630 1109 2702 deplaeitandum,
1128 2632 1164 2686 eis
1183 2633 1305 2688 Goesride

300 2719 398 2792 praesul
410 2720 438 2774 in
448 2737 507 2774 meo
519 2718 583 2784 loeo,
595 2723 630 2783 et,
644 2722 676 2774 ut
687 2718 764 2790 plene
776 2717 913 2789 epiecopus
927 2717 1084 2773 wulstanus
1102 2738 1178 2774 snam
1195 2720 1304 2776 rectitu-

301 2805 391 2861 dinem
411 2805 516 2870 habeat,
536 2806 622 2870 stude,
641 2811 669 2861 et
692 2805 784 2860 domos
808 2824 874 2877 quas
899 2805 1036 2877 episcopus
1060 2811 1152 2860 eontra
1180 2806 1303 2862 abbatem

302 2892 468 2948 reclamatio
481 2893 663 2958 Wireoeastra,
676 2892 755 2947 facite
767 2892 902 2963 sibijuste
915 2892 1019 2947 babere.
1057 2893 1094 2948 Ilt
1107 2897 1137 2947 ut
1149 2911 1239 2948 omnes
1257 2894 1305 2960 illi,

303 2979 349 3052 qui
362 2984 445 3035 terrae
458 2980 516 3052 ejus
528 2983 630 3044 tenent,
642 2979 731 3052 parati
750 2979 806 3034 sint
825 2998 928 3050 sempor
946 2979 974 3034 in
993 2998 1052 3035 meo
1070 2979 1186 3045 servitio,
1204 2984 1232 3036 et
1250 2999 1307 3038 auo.

307 3067 386 3122 Teate
398 3068 503 3137 Rogoro
515 3066 547 3121 de
561 3067 642 3122 lurio.

342 3153 414 3222 [The
427 3153 567 3225 following
580 3153 670 3209 record
679 3155 710 3209 ol
718 3154 765 3209 the
773 3153 920 3225 judgment
933 3153 961 3208 in
973 3153 1029 3210 this
1042 3173 1102 3210 case
1114 3174 1167 3210 was
1176 3155 1266 3212 drawn
1274 3176 1310 3228 up

304 3241 342 3311 by
355 3241 402 3296 tbe
415 3241 506 3312 lring¹s
512 3241 645 3312 justiciar,
658 3241 752 3313 bisbop
766 3241 889 3312 Geollrey
901 3241 932 3295 ol
938 3242 1086 3297 Ooutencee
1095 3244 1169 3312 ;-]2

339 3327 478 3382 Goolridus
490 3326 703 3382 Oonstnntiensis
715 3328 859 3398 epiecopus,
872 3329 996 3399 Remigio
1009 3329 1138 3401 episcopo,
1151 3335 1178 3384 et
1190 3330 1308 3385 Waltero

304 3412 432 3477 Giffardo
445 3418 472 3468 et
485 3413 603 3468 Henrico
615 3412 647 3469 de
661 3415 747 3478 Feror,
761 3417 788 3468 et
800 3413 896 3477 Adam,
909 3415 1062 3484 caterisque
1074 3414 1216 3470 baronibus
1229 3418 1309 3488 regis,

304 3498 425 3553 salutem.
447 3498 551 3563 Sciatis,
564 3499 634 3569 quod
646 3518 696 3570 ego
708 3499 892 3554 testimonium
901 3499 964 3563 fero,
977 3500 1040 3570 quia
1051 3499 1124 3563 dum,
1136 3519 1167 3555 ex
1181 3508 1310 3572 praecepto

305 3586 383 3657 regis,
406 3585 533 3656 placitum
553 3587 630 3641 tenui
649 3586 722 3641 inter
739 3587 892 3658 episcopum
916 3587 1070 3642 Wlstannm
1091 3591 1118 3642 et
1136 3588 1258 3644 abbatem
1276 3590 1309 3645 de

306 3672 454 3728 Ueshand⁸
473 3673 544 3744 quod
565 3673 702 3744 episcopus
721 3673 922 3729 diraoiooinavit
947 3675 1003 3728 111.
1026 3673 1103 3728 hidas
1122 3675 1156 3728 ad
1178 3675 1310 3732 Benninc·

306 3759 432 3830 uuyrthe,
444 3764 472 3814 et
482 3760 574 3814 domos
588 3760 615 3814 in
628 3761 737 3816 civitate
751 3760 783 3816 de
799 3779 847 3816 euo
860 3760 940 3815 feudo
956 3779 1020 3824 esee,
1033 3761 1072 3816 ita
1085 3761 1154 3833 quod
1164 3762 1244 3818 abbas
1257 3765 1310 3819 sibi

306 3846 384 3902 debet
392 3846 453 3902 inde
466 3847 573 3912 servire,
584 3847 652 3903 sicut
665 3847 710 3902 alii
723 3848 765 3902 sui
777 3847 886 3902 feudati.
919 3849 956 3902 Et
968 3847 1170 3903 deratiocinarit
1182 3867 1271 3904 socam
1284 3855 1312 3905 et

306 3953 393 3988 sacam
405 3934 438 3989 do
451 3934 588 3989 Hamtona
599 3935 633 3989 ad
645 3954 724 3989 suum
737 3933 858 3989 hundred
875 3934 907 3989 de
919 3933 1069 3992 Osuualdee
1087 3935 1174 4000 laune,
1187 3936 1309 4008 quodibi

306 4019 403 4076 debent
421 4021 552 4092 placitare,
565 4027 593 4077 et
604 4022 712 4094 geldum
726 4027 753 4076 et
765 4021 967 4092 expeditionem,
980 4026 1006 4076 et
1019 4025 1104 4078 cetera
1114 4023 1180 4094 legis
1192 4024 1311 4088 servitio,

307 4107 339 4162 de
349 4106 402 4162 illis
411 4108 469 4162 XV.
480 4107 550 4163 hidis
568 4127 656 4163 aecum
668 4109 747 4163 debet
759 4106 913 4178 persolvere,
922 4111 949 4162 et
958 4107 1096 4173 ciricsceat¹
1106 4112 1133 4164 et
1140 4110 1311 4180 sepulturam,

306 4194 339 4248 ad
358 4213 434 4248 suam
453 4193 546 4248 villam
567 4181 764 4266 Croppelbome
786 4192 882 4249 debent
903 4193 1017 4250 reddere.
1055 4195 1115 4251 Hoc
1134 4195 1187 4250 luit
1203 4197 1311 4252 diratio-

342 4410 349 4443 ¹
364 4409 378 4461 1
394 4408 570 4472 Monosticoo,
583 4409 633 4462 601
652 4406 702 4476 (ed.
717 4409 807 4475 lero).
926 4408 990 4462 ²Ib.
1111 4410 1276 4465 'Evesham
