3280 5132
697 733 839 778 WILLIAM
862 733 884 776 I.

425 979 572 1063 [Roseus
595 976 931 1040 Msusuv.W1Lc1uu
956 994 997 1038 uu
1025 973 1154 1056 Peucu]

334 1167 395 1230 Sex
411 1171 573 1230 carucatas
589 1171 670 1228 terre
687 1161 798 1226 Ulchil
820 1161 855 1224 in
874 1159 1079 1237 Aluuiutone,
1094 1181 1173 1243 quus
1195 1159 1292 1223 habet
1323 1233 1346 1261 ⁴

290 1277 471 1341 Willelmus
486 1276 525 1340 de
539 1275 642 1351 Perci,
664 1279 825 1340 testantur
848 1272 889 1336 ad
915 1295 993 1356 opus
1019 1269 1151 1334 Rober‘ci
1178 1270 1291 1349 Melet,

289 1387 362 1473 quia
377 1393 467 1486 puter
481 1411 558 1452 suus
574 1385 699 1464 hebuit,
716 1385 798 1449 sicut
813 1383 986 1469 superiores
1001 1389 1109 1448 cerrus.

522 1907 648 1991 [Leues
670 1927 709 1971 ou
733 1910 890 1975 uum
914 1913 1059 1997 Misce]

333 2094 461 2157 Terram
477 2091 564 2156 IIII.
581 2099 740 2157 carucatas
753 2093 786 2158 in
802 2095 929 2161 Coldrid
945 2121 1040 2183 quum
1062 2105 1151 2163 tenet
1167 2100 1290 2165 Willel-

290 2227 362 2269 mus
376 2204 414 2268 de
430 2203 572 2267 Percide
587 2225 649 2287 que
663 2205 801 2287 pertinet
815 2229 886 2271 soca
906 2208 939 2271 in
963 2208 1115 2287 Cliftuue,
1130 2216 1290 2275 testantur

292 2316 345 2402 qui
357 2315 544 2398 juraverunt
558 2338 621 2378 nun
637 2315 739 2378 solum
755 2315 824 2380 illas
840 2317 925 2382 IIII.
943 2326 1113 2398 carucatas
1129 2320 1290 2385 sedetiam

290 2433 392 2491 totum
408 2425 516 2490 villum
533 2425 659 2490 Coldrid
671 2426 869 2490 Willelmum
885 2428 987 2492 Melet
1003 2428 1036 2492 in
1047 2429 1186 2495 dominio
1199 2437 1290 2496 tenu-

290 2538 350 2602 isse
365 2545 397 2602 et
412 2536 450 2601 de
464 2558 500 2600 cc
513 2536 657 2601 saisitum
670 2537 774 2603 fuisse.

442 3065 612 3150 [R1cuiuc
627 3083 669 3127 uu
686 3064 859 3129 Suunsvsu
879 3086 907 3128 v.
924 3063 996 3128 '1¹ch
1020 3064 1137 3148 ΚΜ]

337 3250 378 3314 Iu
408 3250 568 3334 Logetcrp
598 3250 715 3314 clamat
742 3249 894 3314 Ricardus
924 3249 962 3314 de
994 3249 1147 3315 Surdeual
1177 3259 1292 3317 terram

293 3362 436 3426 Norman
459 3366 492 3425 et
513 3364 597 3440 Asae,
614 3361 667 3425 sed
690 3359 802 3425 dicunt
828 3361 882 3445 qui
902 3359 1091 3444 juraverunt
1117 3363 1200 3446 regis
1228 3386 1294 3428 esse

293 3470 414 3535 debere.

611 4006 695 4090 [Tus
720 4006 812 4069 Kiue
833 4027 860 4069 v.
886 4004 984 4088 Onu]

309 4283 311 4286 Ι
339 4194 380 4259 In
397 4192 607 4278 Scarpinberg
621 4198 654 4257 et
678 4191 876 4276 seardiztorp
899 4191 995 4256 habet
1021 4191 1090 4256 Odo
1115 4191 1295 4261 balistarius

295 4314 411 4372 terram
422 4305 501 4368 Orm
517 4311 550 4368 st
566 4302 688 4382 Buude,
705 4305 757 4368 sed
773 4304 886 4368 horum
895 4304 947 4390 qui
956 4305 1144 4388 juraveruut
1152 4305 1295 4372 testimo·

296 4417 383 4482 nium
402 4416 486 4500 regis
501 4415 594 4481 debet
616 4437 693 4482 esse.

758 4543 778 4587 s
802 4527 821 4586 2
