3280 5132
229 733 237 739 .
349 679 391 742 80
597 696 731 742 amorra
752 696 1102 744 rrum-rorummos.

345 848 420 914 hinc
448 848 522 914 iude
551 848 657 914 idonei
685 854 793 929 testes,
821 849 917 916 verba
945 849 1067 936 puellae,
1096 871 1182 936 parre
1219 845 1349 914 veritati

346 958 490 1032 subnixa,
506 963 726 1045 protestantes.
770 959 935 1025 Accedunt
956 960 1027 1026 istis
1052 958 1262 1025 archidiaconi
1284 958 1348 1023 duo

345 1070 538 1136 Willielmus
562 1071 707 1137 videlicet
730 1071 977 1150 Cantuariensis,
991 1079 1025 1137 et
1051 1071 1252 1137 Humbaldus
1275 1069 1347 1134 Ser-

344 1180 506 1263 berienais,
530 1204 609 1267 quoe
644 1187 735 1266 pater
767 1182 938 1248 Anselmus
962 1182 1167 1262 Wiltuuiam,
1201 1180 1258 1247 ubi
1291 1179 1348 1245 illa

344 1291 449 1357 fuerat
484 1293 626 1374 educata,
661 1316 718 1377 pro
763 1293 858 1378 hujus
896 1294 940 1358 rei
976 1293 1166 1360 certitudine
1202 1291 1347 1357 rimanda

345 1401 512 1483 direxerat,
534 1403 589 1489 qui
621 1404 747 1490 publiea
777 1426 853 1470 voce
884 1405 994 1470 testati
1025 1410 1102 1470 suut
1132 1427 1165 1469 se
1186 1409 1219 1469 et
1240 1424 1348 1468 rema

345 1513 503 1580 sororibus
527 1514 770 1600 diligentissime
793 1515 992 1602 perquisisse,
1007 1521 1041 1582 et
1066 1515 1113 1581 nil
1136 1515 1222 1602 quod
1241 1514 1347 1580 relata

345 1624 463 1690 rationi
491 1624 666 1706 obsisteret,
680 1625 720 1690 ab
745 1625 790 1691 eis
816 1648 925 1712 capere
948 1626 1097 1712 potuisse.
1142 1625 1257 1692 Monet
1270 1645 1347 1708 ergo

345 1735 516 1801 Anselmus
551 1742 585 1802 et
620 1758 676 1820 per
711 1736 919 1801 christianam
956 1736 1169 1804 obedientiam
1200 1734 1347 1801 omnibus

344 1844 488 1931 imperat,
504 1852 543 1911 ut
556 1846 680 1912 nullum
695 1871 715 1912 a
729 1847 862 1913 veritate
876 1848 964 1913 lavor
987 1854 1044 1913 aut
1069 1847 1166 1914 timor
1191 1846 1347 1925 deflectat,

345 1957 400 2024 sed
414 1957 497 2022 eicut
511 1981 618 2024 revera
631 1982 732 2024 causat
747 1958 808 2025 Dei
822 1981 884 2044 quo
898 1959 986 2042 juste
1001 1957 1228 2024 determinetur
1249 1977 1347 2020 uuus·

344 2067 477 2155 quisque
499 2092 556 2154 pro
582 2069 701 2135 viribus
724 2092 815 2155 opem
838 2070 918 2135 ferat
944 2093 993 2144 ue,
1021 2068 1105 2155 quod
1128 2068 1222 2150 absit,
1248 2066 1346 2147 aiens,

344 2179 419 2244 talis
437 2179 550 2264 judieii
575 2181 732 2248 sententia
756 2181 897 2268 prodeat,
911 2181 1000 2266 cujus
1014 2181 1157 2266 exemplo
1180 2180 1215 2245 in
1239 2202 1348 2265 super·

344 2290 487 2380 uenturis
522 2291 727 2378 temporibus,
748 2293 801 2359 vel
837 2315 895 2358 sua
930 2291 1064 2378 quilibet
1099 2291 1247 2357 libertate
1282 2313 1348 2356 non

340 2401 413 2486 jure
434 2401 588 2488 privetur,
607 2403 659 2469 vel
680 2404 769 2469 Deus
789 2403 850 2484 hia,
866 2426 936 2489 quas
958 2403 1008 2468 sui
1024 2401 1109 2487 juria
1130 2423 1196 2467 esse
1218 2401 1347 2479 debent,

344 2511 461 2597 injuria
492 2513 683 2580 detrudetur.
727 2515 918 2580 Acclamaut
947 2536 1065 2593 omues,
1089 2513 1136 2579 ita
1157 2512 1347 2592 faciendum,

345 2629 388 2699 et,
403 2647 436 2690 se
458 2647 523 2690 uon
545 2625 636 2691 aliter
657 2625 804 2706 facturos,
821 2625 986 2711 spondent.
1033 2625 1168 2690 Remoto
1199 2624 1306 2710 itaque
1328 2647 1347 2689 a

345 2742 503 2801 conventu
535 2736 601 2801 solo
633 2743 733 2822 patre,
755 2736 885 2803 ecelesia
906 2735 1033 2821 Angliae
1055 2715 1125 2822 quae
1158 2739 1349 2800 convenerat

344 2845 378 2912 in
401 2869 502 2911 uuum
523 2847 562 2912 de
583 2847 768 2933 proferenda
789 2847 947 2914 sententia
968 2852 1095 2913 tractat.
1140 2845 1263 2913 Deinde
1293 2845 1348 2911 illo

347 2957 383 3022 in
404 2958 544 3024 medium
565 2965 741 3025 reverenter
762 2959 908 3038 adducto,
932 2959 1112 3044 expositum
1133 2963 1183 3024 est
1205 2957 1281 3044 quid
1310 2958 1349 3023 de

346 3068 476 3153 negotio
486 3069 661 3134 communis
676 3068 819 3135 omnium
833 3091 1001 3135 consensus
1015 3068 1182 3134 invenerit.
1227 3069 1349 3133 Ratum

346 3179 439 3245 aiant
451 3185 613 3266 perspecta
626 3202 660 3246 re
674 3179 735 3244 sibi
756 3179 866 3258 videri,
882 3186 915 3246 et
937 3180 977 3246 ad
997 3181 1058 3247 hoc
1079 3179 1349 3266 comprobandum

347 3297 472 3377 paratos
494 3313 527 3356 re
548 3296 700 3370 asserunt,
723 3290 811 3356 nulla
831 3291 989 3357 sententia
1010 3313 1100 3377 poaee
1120 3290 1259 3375 puellam
1292 3313 1349 3376 pro

347 3423 442 3468 causa
471 3424 529 3467 sna
555 3402 628 3486 jure
660 3401 848 3488 constringi,
870 3401 948 3488 quin
973 3401 1120 3468 libertate
1141 3400 1278 3488 corporis
1299 3402 1349 3466 sui

348 3535 533 3599 quocunque
547 3514 641 3580 modo
661 3512 807 3597 legaliter
822 3513 908 3588 velit,
924 3511 1028 3579 valeat
1043 3512 1101 3580 uti.
1146 3511 1242 3578 Quod
1262 3512 1348 3592 licet,

347 3623 508 3710 inquiunt,
529 3622 592 3689 levi
613 3629 801 3710 argumento
823 3623 954 3709 probare
975 3645 1148 3711 possemus,
1171 3645 1207 3689 eo
1238 3629 1349 3689 tamen

348 3758 421 3800 cum
451 3757 539 3820 opus·
559 3757 623 3801 non
656 3733 710 3815 sit,
732 3733 980 3820 supersedemus,
1001 3734 1120 3800 nostris
1150 3735 1349 3822 argumentis

347 3844 517 3912 firmiorem
537 3850 683 3912 tenentes
704 3867 812 3931 parem
838 3843 951 3929 judieii
980 3844 1075 3929 hujus
1106 3845 1298 3912 sententiam
1330 3867 1350 3910 a

347 3957 531 4023 venerande
561 3956 718 4023 memoria
748 3955 969 4042 predecessore
999 3961 1115 4036 vestro,
1138 3963 1171 4024 et
1192 3963 1282 4042 patre
1315 3962 1350 4023 et

348 4065 501 4152 magistro
533 4073 642 4134 nostro
674 4067 863 4148 Lanfranco,
885 4066 982 4132 simili
1010 4067 1050 4133 de
1080 4089 1182 4149 causa,
1210 4066 1350 4153 promul·

347 4183 468 4264 getam.
513 4178 600 4243 Nam
632 4180 758 4264 quando
790 4179 843 4244 ifle
872 4201 1009 4264 maguus
1041 4178 1238 4244 Willielmus
1267 4179 1350 4244 banc

348 4295 466 4356 terram
495 4287 597 4373 primo
627 4288 753 4370 devicit,
787 4288 884 4355 multi
917 4311 1044 4356 suorum
1077 4289 1138 4355 ribi
1167 4312 1225 4375 pro
1257 4293 1351 4354 tanta

348 4399 482 4468 victoria
495 4399 728 4484 applaudentes,
743 4399 912 4489 omniaque
933 4399 1000 4467 suis
1020 4401 1240 4468 voluntatibus
1254 4405 1350 4490 atque
