3280 5132
336 695 354 756 8
582 713 716 758 runorrn
739 715 1089 761 suono-nonnnnrroa.

338 863 422 948 ipsas
437 863 583 950 antiquas
598 865 706 949 legum
721 868 961 933 consuetudines
984 867 1197 935 discutiendas
1211 875 1244 934 et
1265 869 1337 934 edo-

338 973 450 1038 cendas
460 974 493 1037 in
508 997 570 1038 una
585 977 750 1060 quadriga)
764 977 938 1042 Richardns
953 977 991 1043 de
1006 979 1225 1064 Tunebrcgge,
1239 981 1339 1066 Hugo

337 1085 376 1149 de
404 1086 516 1150 Monte
557 1087 656 1166 Furti,
682 1086 877 1152 Willielmus
903 1088 941 1153 de
965 1091 1073 1168 Aroes,
1098 1091 1227 1174 Haymo
1254 1091 1338 1156 vioe-

338 1216 452 1276 comeer,
468 1203 501 1262 et
515 1197 569 1260 alii
586 1197 680 1262 multi
695 1197 825 1263 barones
839 1199 923 1283 regis
938 1205 971 1264 et
993 1200 1093 1284 ipsius
1114 1201 1339 1287 archiepiscopi

337 1313 432 1392 atque
469 1307 594 1373 illorum
632 1309 848 1394 cpiscoporum
884 1310 1027 1375 homines
1071 1311 1175 1391 multi,
1213 1319 1246 1376 ct
1281 1313 1337 1377 alii

337 1418 473 1483 aliorum
511 1418 722 1483 comitatuum
753 1419 895 1484 homines
930 1420 1029 1485 etiam
1058 1443 1132 1484 cum
1170 1429 1238 1487 toto
1276 1423 1338 1488 isto

336 1529 491 1594 comitatu
507 1529 614 1594 multa
628 1536 661 1594 et
675 1551 800 1614 magna
824 1530 1023 1594 auctoritatis
1046 1531 1118 1612 viri,
1136 1533 1338 1618 Francigenae

337 1641 457 1706 scilicet
471 1645 503 1705 et
517 1639 630 1724 Angli.
675 1640 716 1703 In
731 1639 844 1703 horum
868 1639 1010 1704 omnium
1036 1642 1202 1725 praesentia
1227 1643 1338 1708 multis

335 1758 369 1816 et
383 1750 589 1835 apertissimis
613 1749 788 1815 rationibus
813 1751 1064 1816 demonstratum
1088 1753 1151 1818 suit
1174 1753 1257 1839 quod
1282 1777 1337 1819 rex

335 1863 515 1947 Anglorum
531 1862 634 1926 nullas
649 1861 890 1927 consuetudines
906 1862 1002 1927 habet
1017 1863 1051 1926 in
1074 1863 1222 1928 omnibus
1246 1866 1337 1930 terris

335 1973 571 2039 cantuariensis
592 1973 728 2039 ecclesia
753 1972 814 2036 nisi
846 1973 1041 2038 solummodo
1073 1981 1147 2040 tres.
1200 1975 1247 2040 Et
1274 1976 1337 2041 illae

334 2091 407 2162 tres,
425 2109 503 2170 quas
527 2084 632 2164 habet,
654 2082 897 2149 consuetudines
919 2084 968 2148 ha
990 2091 1066 2150 sunt
1076 2112 1086 2164 ς
1109 2109 1184 2165 una,
1210 2087 1238 2151 si
1264 2087 1336 2173 quis

334 2197 428 2261 homo
457 2195 679 2280 archiepiscopi
710 2193 819 2259 effodit
852 2194 939 2259 illam
979 2197 1117 2282 regalem
1150 2198 1234 2263 viam
1267 2222 1336 2285 quae

334 2308 423 2372 vadit
437 2307 475 2372 de
497 2307 626 2372 civitate
652 2307 685 2370 in
701 2305 875 2371 civitatem.
920 2306 1040 2386 Altera,
1057 2308 1169 2394 siquis
1193 2311 1335 2375 arborem

333 2419 447 2484 incidit
463 2421 559 2504 juxta
581 2416 718 2502 regalem
744 2416 829 2482 viam
854 2423 886 2482 et
911 2439 980 2482 eam
1007 2441 1101 2502 super
1126 2419 1226 2504 ipsam
1251 2421 1335 2484 viam

331 2531 488 2614 dejecerit.
533 2530 584 2593 De
606 2528 677 2593 istis
700 2526 821 2591 duabus
845 2527 1125 2593 consuetudinibus
1150 2531 1205 2615 qui
1227 2531 1335 2616 culpa-

332 2641 412 2707 biles
432 2639 555 2705 inventi
578 2639 697 2703 luerint
723 2643 816 2723 atque
842 2637 975 2715 detenti,
999 2638 1076 2701 dum
1100 2638 1177 2703 talia
1200 2639 1335 2723 faciunt,

333 2751 399 2816 sive
415 2748 631 2815 vadimonium
646 2747 743 2814 abeis
758 2752 921 2832 acceptum
937 2747 1031 2812 fuerit
1051 2749 1117 2814 sive
1139 2771 1213 2830 non,
1228 2755 1333 2817 tamen

333 2863 367 2927 in
383 2863 544 2926 secutione
559 2859 699 2923 ministri
713 2858 797 2941 regis
811 2864 845 2922 et
866 2880 924 2942 per
950 2858 1166 2924 vadimonium
1189 2862 1334 2927 emenda-

333 2973 415 3038 bunt
429 2995 498 3057 quae
513 2971 629 3055 injuste
651 2968 848 3034 emendanda
873 2973 959 3033 sunt.
1003 2969 1119 3048 Tertia,
1142 2973 1334 3037 consuetudo

333 3084 407 3148 talis
422 3086 479 3148 est.
526 3081 646 3166 Siquis
661 3080 695 3143 in
709 3080 778 3163 ipsa
793 3079 892 3162 regali
914 3079 967 3143 via
992 3079 1181 3164 sanguinem
1206 3081 1334 3163 fuderit,

333 3201 389 3259 aut
404 3192 607 3257 homicidium
624 3191 673 3256 vel
689 3190 775 3254 aliud
790 3190 909 3276 aliquid
924 3190 1033 3255 fecerit
1049 3191 1133 3276 quod
1155 3192 1335 3259 nullatenus

333 3305 400 3370 lieri
415 3304 499 3386 licet,
512 3303 539 3368 si
553 3304 630 3367 dum
652 3303 710 3366 hoc
732 3302 810 3366 facit
835 3302 1044 3387 deprehensus
1068 3311 1163 3387 atque
1188 3303 1335 3371 detentus

333 3417 440 3495 luerit,
463 3416 532 3500 regi
554 3413 744 3480 emendabit.
791 3411 826 3476 Si
856 3436 929 3478 vero
957 3413 1166 3497 deprehensus
1195 3415 1240 3479 ibi
1270 3438 1334 3480 non

332 3528 439 3608 luerit,
453 3533 485 3592 et
500 3527 573 3590 inde
587 3525 704 3608 absque
720 3523 798 3587 vade
813 3522 888 3588 dato
903 3524 999 3589 semel
1013 3525 1138 3605 abierit,
1154 3548 1209 3590 rex
1232 3525 1272 3590 ab
1297 3549 1334 3592 eo

331 3639 412 3706 nihil
423 3639 510 3724 juste
532 3635 658 3719 exigere
684 3632 810 3718 poterit.
858 3633 1012 3697 Similiter
1027 3633 1090 3699 fuit
1114 3641 1276 3700 ostensum
1299 3635 1334 3700 in

332 3751 439 3817 eodem
456 3748 570 3834 placito
586 3745 668 3832 quod
684 3743 935 3828 archiepiscopus
949 3744 1189 3811 cantuariensis
1199 3747 1334 3813 ecclesiae

331 3863 364 3927 in
381 3861 529 3927 omnibus
543 3858 636 3924 terris
650 3857 736 3941 regis
751 3862 784 3921 et
798 3855 923 3920 comitia
938 3856 1031 3921 debet
1057 3858 1177 3922 multas
1203 3881 1332 3925 consue·

331 3974 458 4038 tudines
468 3973 555 4055 justo
570 3971 694 4034 babere.
739 3968 868 4032 Etenim
884 3966 995 4031 abillo
1014 3967 1076 4047 die,
1093 3991 1153 4052 quo
1176 3967 1334 4034 clauditur

330 4082 480 4166 Alleluya
501 4080 659 4166 usquead
683 4083 810 4142 octavas
833 4075 972 4152 Paschae,
997 4077 1025 4140 si
1047 4076 1120 4160 quis
1142 4077 1332 4162 sanguinem

329 4193 456 4271 fuderit,
471 4190 699 4274 archiepiscopo
714 4187 906 4252 emendabit.
951 4187 996 4251 Et
1019 4186 1054 4250 in
1077 4188 1166 4250 omni
1191 4195 1332 4273 tempore

328 4311 396 4370 tam
412 4309 502 4368 extra
515 4299 788 4386 quadragesimam
811 4318 905 4380 quam
931 4296 1023 4374 infra,
1039 4295 1218 4382 quicunque
1243 4299 1331 4365 illam
1360 4297 1366 4305 ’

327 4416 451 4500 culpam
492 4411 600 4478 fecerit
629 4433 698 4495 quae
724 4407 885 4472 clrildwite
912 4414 1052 4486 vocatur,
1079 4407 1331 4496 archiepiscopus
