3286 5142
695 623 805 670 acuar
829 624 866 670 11.
1224 605 1284 670 187

282 776 387 861 aliquo
409 776 554 862 deinceps
577 776 696 862 injuste
714 798 806 863 super
828 775 936 842 eadem
957 777 1111 862 fatigetur
1130 776 1190 842 sub
1210 799 1284 841 ana·

283 889 423 953 themate
437 887 647 973 prohibemus.

520 1046 654 1114 [Another
663 1049 844 1100 confirmation
854 1051 890 1115 by
901 1049 1048 1116 nicholes]

326 1166 510 1246 Niobolaus,
525 1166 586 1232 Dei
596 1167 700 1251 gratia
711 1166 925 1232 Landavensis
937 1167 1110 1252 episcopus,
1131 1165 1286 1232 universis

285 1278 408 1343 Sanotae
433 1278 578 1344 Ecclesiae
607 1277 762 1356 fidelibus,
792 1278 927 1343 salutem
956 1284 990 1342 et
1017 1278 1218 1343 dilectionem
1248 1279 1285 1343 in

283 1389 431 1454 Domino.
477 1389 570 1455 Quod
596 1411 616 1454 a
639 1389 808 1475 majoribus
834 1389 961 1469 nostris,
977 1388 1098 1454 ratione
1114 1395 1147 1454 et
1156 1389 1285 1473 justitia

283 1499 433 1576 dictante,
448 1501 661 1565 constitutum
685 1505 745 1579 est,
761 1501 820 1564 hoc
844 1499 958 1564 merito
982 1507 1087 1564 ratum
1114 1499 1228 1564 babere
1255 1505 1288 1564 st

283 1611 465 1676 confirmare
489 1612 647 1677 debemus.
693 1611 789 1675 Unde
814 1617 863 1675 est
888 1611 972 1694 quod
996 1611 1158 1676 eeclesiam
1176 1611 1286 1676 Sancti

285 1722 424 1788 Gundlei
460 1722 498 1786 do
535 1723 630 1787 Novo
666 1722 788 1805 Burgo,
821 1721 955 1786 ecclesia
992 1722 1084 1786 Beati
1120 1721 1209 1787 Petri
1247 1721 1287 1787 de

285 1833 481 1898 Gloucestria
497 1855 515 1896 a
529 1831 657 1896 domino
672 1837 704 1896 et
718 1836 808 1916 patre
824 1837 931 1895 nostro
946 1830 1124 1895 'Pheobaldo
1141 1832 1285 1896 cantua-

284 1942 380 2007 riensi
404 1940 633 2026 archiepiscopo
660 1941 882 2026 adjudicatam,
909 1963 981 2004 oum
1011 1939 1158 2004 omnibus
1187 1942 1286 2026 perti·

284 2051 402 2118 nuntiis
425 2051 499 2129 suis,
515 2055 670 2135 quantum
694 2049 734 2114 ad
759 2072 817 2114 nos
840 2055 973 2134 spectat,
987 2050 1196 2116 concedimus.
1240 2053 1284 2117 Et

286 2171 323 2230 ut
347 2163 504 2249 judicium
528 2164 597 2240 hoo,
612 2161 664 2226 oui
685 2161 898 2239 interfuimus,
914 2167 946 2225 et
962 2167 1046 2226 recto
1061 2161 1143 2244 juris
1157 2162 1286 2227 tramite

284 2275 407 2340 laetum
444 2297 509 2340 esse
546 2296 609 2338 non
646 2272 850 2357 ambigimus,
888 2271 1047 2336 illibatum
1092 2278 1287 2357 permaneat,

285 2392 491 2452 memoratam
515 2385 677 2450 ecclesiam
703 2383 813 2448 Sancti
841 2382 981 2448 Gundlei
1010 2383 1146 2448 ecclesiae
1178 2383 1288 2448 Sancti

286 2497 384 2575 Petri,
400 2503 432 2562 et
449 2496 619 2561 Hamelino
629 2494 737 2560 abbati
752 2499 785 2560 et
799 2493 962 2558 monachis
973 2493 1179 2559 Glouoestriae
1189 2493 1288 2579 sigilli

286 2606 386 2671 nostri
401 2605 578 2669 munimine
593 2604 825 2669 confirmamus.
870 2603 993 2668 Valete.

321 2777 388 2842 [Tha
406 2777 537 2841 following
552 2778 634 2827 letter
651 2775 681 2825 ol
694 2777 816 2827 Nioholas
836 2792 947 2840 appears
964 2782 994 2827 to
1009 2777 1091 2827 relata
1109 2781 1138 2828 to
1155 2777 1200 2828 the
1218 2793 1289 2830 same

286 2854 496 2920 litigationr-]¹

330 2973 512 3039 Venerabili
538 2973 667 3039 domino
691 2979 723 3039 et
746 2973 831 3058 patri
855 2997 913 3040 sno
928 2973 1087 3039 carissimo
1101 2974 1288 3055 Theobaldo,

288 3085 508 3152 cantuariensi
518 3085 580 3150 Dei
591 3084 695 3170 gratia
708 3085 947 3170 archiepiscopo,
957 3085 1137 3170 Anglorum
1149 3085 1288 3170 primati,

288 3203 320 3260 et
356 3195 548 3280 Apostolieae
586 3195 674 3260 Sedis
712 3196 829 3278 legato,
858 3195 1042 3273 Nioholaus,
1074 3196 1289 3262 Landavensis

288 3305 424 3370 ecclesia
449 3305 605 3384 minister,
621 3305 756 3370 salutem
779 3311 813 3370 et
838 3303 980 3370 debitam
1006 3307 1179 3370 cumomni
1195 3307 1288 3372 devo·

288 3416 375 3480 tione
389 3415 610 3480 obedientiam.
637 3414 775 3480 Noverit
788 3415 964 3499 paternitas
979 3422 1083 3481 vestra
1098 3417 1120 3481 J
1123 3417 1289 3496 ohannem,

291 3526 536 3604 Dunewaldum,
566 3531 599 3590 et
630 3525 796 3610 Uganum,
822 3525 1031 3605 Gilebertum,
1062 3532 1095 3591 et
1124 3526 1287 3607 Jacobum,

290 3637 455 3719 Uganum,
481 3641 515 3700 et
541 3635 673 3713 Ruelen,
698 3656 776 3720 quos
800 3635 897 3700 abbas
923 3635 1125 3701 Glouoestriae
1148 3637 1182 3699 in
1196 3658 1290 3700 causa

289 3768 383 3831 super
407 3746 536 3811 ecclesia
560 3745 599 3810 dc
622 3746 717 3810 Novo
744 3747 856 3829 Burgo
879 3752 975 3811 testes
997 3747 1148 3830 produxit
1161 3747 1195 3811 in
1209 3769 1288 3832 prae·

288 3855 390 3922 sentia
405 3861 523 3936 nostra,
538 3856 613 3921 boni
635 3855 808 3920 testimonii
824 3855 918 3935 viros,
934 3863 966 3922 et
981 3857 1288 3941 comprovincialium

289 3990 417 4032 suorum
439 3967 557 4052 judicio
571 3967 651 4032 tales
673 3988 738 4032 esse
753 3966 806 4050 qui
821 3966 933 4031 merito
948 3966 1083 4032 debeant
1097 3967 1130 4031 in
1146 3967 1288 4033 testimo·

288 4079 379 4143 nium
395 4077 539 4144 veritatis
554 4077 693 4157 admitti,
709 4077 863 4162 siquidem
878 4083 1014 4162 quatuor
1027 4099 1066 4141 ex
1077 4077 1153 4163 ipsis
1168 4079 1190 4143 J
1191 4080 1287 4144 ohan·

290 4213 362 4256 nem
387 4189 516 4268 scilicet,
531 4195 563 4254 et
590 4188 834 4267 Dunewaldum,
850 4186 1058 4269 Gilobertum,
1074 4196 1107 4254 et
1124 4189 1287 4274 Uganum,

523 4352 531 4384 ¹
550 4352 642 4401 Obron.
656 4351 724 4400 lllon.
738 4350 826 4400 Glouc.
835 4351 867 4401 56
879 4350 949 4414 (Boo.
962 4350 1052 4414 Com).
