3286 5150
699 666 868 712 sunnin.
1022 669 1027 676 ·
1227 645 1288 707 265

289 821 337 900 ei,
367 820 536 886 tenendam
561 817 755 884 haereditario
783 819 853 903 jure
881 817 1013 882 subtuli
1043 817 1180 897 servitio,
1209 815 1292 901 quod

289 931 356 1014 ipse
372 929 546 1014 Philippus,
560 936 594 995 et
609 929 744 993 haeredes
758 929 827 1012 ejus
842 933 913 1012 post
928 927 1044 1012 ipsum,
1057 927 1144 1012 equis
1158 926 1293 1013 propriis

291 1046 324 1105 et
347 1040 536 1124 sumptibus,
552 1039 686 1105 ecclesiae
712 1039 775 1103 tria
800 1037 928 1103 servitia
952 1037 1068 1103 facient
1093 1060 1147 1122 pcr
1172 1059 1292 1101 annum

291 1151 378 1215 intra
403 1173 536 1235 reguum
561 1149 699 1234 Angliae,
715 1147 770 1212 ubi
796 1171 920 1214 necesse
945 1147 1041 1212 fuerit
1054 1148 1175 1232 paruti3
1198 1153 1231 1213 et
1253 1148 1294 1211 ad

293 1260 370 1324 alins
384 1259 519 1326 ecclesia
533 1260 744 1340 necessitates,
759 1259 843 1324 sicut
857 1257 911 1324 alii
934 1260 1004 1343 ejus
1027 1258 1118 1323 liberi
1141 1259 1293 1324 homines.

295 1372 404 1455 Hujus
429 1393 502 1436 vero
525 1369 570 1435 rei
593 1369 708 1454 gratis,
723 1369 807 1434 facto
831 1368 919 1453 prius
944 1369 1092 1450 homagio
1118 1369 1236 1449 abbati,
1262 1375 1295 1434 et

292 1483 399 1564 jurata
424 1479 573 1544 fidelitate
598 1478 733 1544 ecclesiae
758 1483 792 1544 et
815 1477 976 1542 monachis
1002 1477 1036 1542 iu
1059 1478 1206 1563 capitulo,
1221 1501 1294 1545 con·

294 1612 412 1654 cessam
427 1610 465 1653 ex
487 1595 619 1674 utraque
645 1595 734 1674 parte
757 1587 996 1654 conventionem
1021 1588 1112 1668 hane,
1128 1589 1295 1674 Philippus

294 1705 412 1786 postea,
438 1722 534 1764 manu
556 1699 691 1784 propria,
717 1699 814 1763 altare
846 1698 954 1763 Sancti
985 1697 1071 1763 Petri
1101 1699 1296 1784 superposita

295 1809 463 1888 roboravit,
496 1831 579 1875 anno
619 1809 659 1874 ab
701 1808 921 1874 incarnatione
960 1807 1090 1873 Domini
1130 1808 1296 1877 millesimo

297 1918 468 1998 cuvlss,
483 1919 544 1984 XI.
561 1919 710 1985 kalendas
725 1918 851 1985 Martii.

342 2028 416 2094 Hiis
441 2028 651 2095 interfuerunt
674 2037 740 2095 tam
764 2029 798 2094 in
822 2029 959 2114 capitulo
983 2052 1078 2114 quam
1104 2029 1137 2094 in
1159 2031 1297 2112 ecclesia,

298 2139 476 2205 Alexander
484 2139 647 2220 Pincerna,
660 2139 845 2225 Radulpbus
856 2140 952 2204 frater
962 2139 1111 2224 Philippi,
1123 2139 1297 2207 Herbertus

297 2250 425 2334 janitor,
440 2249 587 2314 Morinus
609 2249 812 2334 dispensator,
831 2251 973 2335 Rogems
989 2251 1120 2330 Baselei,
1137 2252 1298 2318 Galfridus

299 2362 438 2440 Gcrnon,
462 2361 642 2426 Willelmus
668 2362 707 2427 de
732 2361 884 2440 Muntric,
911 2361 1072 2426 lohannes
1101 2363 1139 2428 de
1169 2363 1297 2441 Marcis,

300 2470 457 2537 Robertus
480 2471 519 2536 de
544 2471 740 2550 Hercfordiu,
765 2471 940 2537 Rainaldus
970 2494 1071 2551 cocus,
1101 2474 1237 2540 Cadmor
1265 2481 1299 2540 et

302 2581 500 2662 Godcfridus,
515 2589 547 2647 et
562 2583 705 2667 Rogerus
721 2583 816 2648 Burel
831 2590 864 2648 et
879 2583 942 2647 alii.

332 2719 394 2770 'l'his
406 2721 457 2772 une
469 2721 492 2770 is
503 2723 605 2784 twenty
620 2737 696 2784 years
707 2723 779 2772 older
796 2724 860 2771 than
874 2723 919 2772 the
936 2738 984 2773 one
994 2724 1073 2786 given
1085 2724 1119 2788 by
1132 2725 1181 2772 Mr.
1194 2726 1298 2776 Hunter

300 2813 330 2847 as
349 2799 393 2846 the
409 2797 514 2846 earliest
531 2798 583 2846 line
601 2797 631 2846 of
645 2798 722 2848 lande
741 2799 827 2849 which
846 2799 878 2848 hc
890 2799 942 2849 had
954 2815 1023 2850 scen.
1057 2801 1143 2862 Fines,
1155 2803 1223 2852 Prel'.
1234 2817 1260 2866 p.
1272 2819 1297 2852 x.

302 2877 354 2924 But
372 2875 400 2922 in
418 2875 463 2924 tho
483 2875 550 2922 sorm
567 2875 597 2924 os
610 2877 743 2936 concorda,
762 2878 828 2928 lines
845 2893 914 2928 were
933 2892 1052 2928 common
1069 2878 1230 2944 throughout
1253 2882 1298 2932 the

302 2951 486 3016 Anglc-Suxcn
496 2951 548 3000 aad
560 2952 675 3002 Nomou
688 2953 801 3016 periodo.

419 3488 593 3575 [Wrnnmu
618 3489 730 3554 Rurus
751 3509 779 3554 a.
803 3487 967 3566 Rronano,
989 3508 1011 3550 a
1033 3487 1192 3573 Purusr.]¹

305 3647 386 3712 llno
401 3648 566 3714 conventio
581 3649 664 3712 lucta
677 3654 726 3713 est
742 3647 824 3711 inter
850 3647 1019 3712 Ricardum
1043 3647 1237 3712 sacerdotum
1262 3647 1301 3713 de

304 3758 464 3840 Wellewa,
473 3765 506 3824 et
516 3758 711 3823 Willelmum
725 3759 869 3835 Rullum,
875 3757 1002 3823 fratrem
1013 3779 1115 3836 suum,
1127 3756 1160 3821 in
1170 3779 1301 3842 praesen·

303 3867 349 3932 tia
363 3867 482 3933 domini
498 3867 547 3933 sui
563 3867 748 3933 venerabilis
762 3867 886 3932 abbatis
904 3866 1075 3946 Hamelini,
1091 3873 1123 3931 et
1138 3869 1207 3952 ejus
1228 3889 1301 3933 con·

303 3985 416 4043 ventus
440 3978 660 4055 Gloucestriae;
691 3977 729 4044 de
753 3977 887 4062 quadam
912 3977 997 4062 hyda
1018 3999 1113 4061 quam
1139 3977 1303 4062 praedictus

304 4088 457 4154 Ricardus
472 4096 560 4154 tenet
576 4090 614 4153 de
628 4087 742 4152 abbate
757 4087 903 4171 praedicto
918 4085 952 4151 in
967 4087 1193 4168 Aldesworthe,
1208 4111 1302 4173 quam

304 4199 469 4283 praedictus
485 4197 664 4263 Willelmus
680 4197 891 4263 calumniatus
906 4197 968 4261 fuit
982 4219 1058 4280 erga
1072 4197 1176 4282 ipsum
1193 4199 1302 4264 Ricar-

517 4353 523 4384 ·
543 4359 556 4406 1
570 4355 663 4407 (lhron.
676 4358 744 4406 Mon.
757 4355 846 4406 Glouo.
861 4357 908 4407 155
918 4358 987 4416 [Rae.
997 4355 1088 4419 Com).
