3280 5132
604 725 605 729 ,
679 693 821 738 mensu
849 693 871 740 1.
1232 677 1273 738 45

272 844 404 929 Savigni
419 868 457 910 ex
467 846 615 910 omnibus
623 845 727 912 liberis
736 845 918 911 hominibus
930 869 971 912 ex
980 845 1095 932 quibus
1109 847 1273 912 Hubertus

270 956 309 1020 de
324 959 423 1022 Portu
438 956 578 1021 saisieret
592 956 773 1042 episcopum
789 961 821 1022 et
836 957 906 1022 ideo
922 956 1128 1022 Normunnus
1152 957 1275 1023 saisivit

271 1066 444 1130 Rudulfum
459 1089 498 1131 ex
512 1067 571 1132 hoe
585 1067 766 1153 presbytero
781 1074 830 1132 set
846 1073 955 1132 tamen
972 1066 1072 1132 nescit
1088 1068 1116 1132 si
1131 1069 1275 1134 Uberius

269 1177 358 1262 prius
387 1177 529 1242 saisieret
557 1178 738 1263 episcopum
767 1179 806 1243 de
834 1179 900 1259 illo,
929 1183 963 1244 et
992 1177 1050 1243 hoe
1086 1179 1275 1245 invenerunt

270 1289 400 1353 barones
415 1288 498 1372 regis
512 1289 547 1352 in
561 1311 637 1372 paee
651 1289 735 1354 inter
751 1291 913 1376 Rugosum
936 1288 1039 1375 Bigot
1053 1295 1086 1355 et
1103 1292 1275 1375 Hugonem

271 1399 420 1464 comitem
446 1399 571 1484 quando
594 1406 750 1464 venerunt
772 1400 807 1464 in
833 1400 1023 1466 comitatum
1049 1407 1082 1466 et
1106 1402 1153 1466 ita
1167 1401 1227 1466 erit
1241 1401 1275 1465 in

271 1533 346 1595 paee
361 1511 458 1576 donee
473 1509 517 1574 sit
530 1510 766 1578 derationutuu.¹

429 1928 540 2008 [Lens
562 1946 648 1992 nunu
671 1947 712 1992 nu
734 1948 756 1991 s
778 1947 917 1992 cunnum
939 1929 1125 2010 Psenmau]

316 2088 358 2152 In
373 2087 652 2165 Wimundestuna‚
667 2088 727 2151 VI.
749 2087 839 2153 liberi
863 2088 1017 2167 homines,
1041 2087 1081 2153 de
1105 2093 1192 2152 sextu
1219 2087 1276 2174 qui

274 2205 403 2262 vocatur
418 2198 588 2277 Brieterus‚
603 2199 705 2263 nescit
718 2198 855 2263 hundret
871 2199 896 2262 si
912 2199 1018 2282 potuit
1043 2203 1161 2263 terram
1185 2222 1275 2263 suam

273 2309 406 2374 vendere
430 2309 481 2373 vel
506 2331 570 2373 non
596 2315 737 2394 tempore
760 2309 844 2393 regis
874 2309 1032 2388 Edwardi,
1057 2307 1111 2373 sed
1140 2315 1278 2374 testetur

273 2420 357 2505 quod
393 2420 542 2486 viderunt
571 2443 644 2485 eum
673 2421 780 2504 jurare
810 2419 894 2505 quod
930 2442 993 2484 non
1024 2425 1172 2504 poterant
1203 2420 1278 2486 dare

274 2532 407 2597 vendere
422 2538 537 2596 terram
554 2553 643 2595 suem
659 2530 698 2594 ab
714 2537 908 2594 antecessore
923 2529 1075 2595 sicardi?

597 2946 708 3031 [Lsun
731 2967 769 3011 m
792 2946 957 3030 Gnoson]

314 3083 407 3147 Hane
426 3082 555 3166 [terrem
571 3081 606 3146 in
623 3083 778 3167 Grotena]
798 3082 917 3147 invasit
928 3083 1072 3166 Rogerus
1084 3082 1122 3147 de
1132 3082 1235 3149 Orbee
1247 3089 1280 3148 et

276 3198 363 3257 tenet
388 3193 447 3257 sub
475 3192 609 3257 Rieauio
636 3192 700 3258 filio
725 3193 913 3272 Gisleberto,
936 3199 968 3258 et
991 3193 1134 3258 homines
1150 3194 1279 3258 Ricardi

276 3309 422 3368 revocant
437 3303 477 3367 ud
491 3302 622 3367 feudum
641 3305 780 3389 Wisgeri
795 3304 998 3370 antecessoris
1014 3304 1072 3369 sui.
1119 3305 1181 3369 Sed
1195 3307 1280 3370 sieut

276 3414 414 3477 hundret
437 3419 573 3477 testatur
587 3436 749 3499 nunquam
774 3414 939 3498 pertinuit,
966 3437 1021 3479 nee
1047 3415 1279 3480 commendatio

276 3545 334 3586 nee
349 3524 443 3587 soen.³

285 3933 413 4016 [henne
436 3951 581 3996 onumen
603 3950 644 3994 nn
666 3950 730 3994 nnn
753 3931 879 3996 B1sn0e
908 3951 948 3996 or
978 3932 1116 3995 Bsunux
1146 3949 1284 3994 susmsn

466 4063 530 4106 unu
553 4042 700 4107 Monens
721 4060 760 4106 on
782 4042 916 4106 Ronnun
938 4041 1082 4126 Menum]

323 4199 373 4264 De
388 4197 579 4283 calumpniis
594 4197 677 4262 iuter
688 4195 867 4283 episcopum
879 4195 1082 4262 Baioeensem
1095 4202 1128 4261 et
1148 4200 1282 4259 matrem
1332 4227 1338 4242 ·

346 4422 354 4456 ¹
373 4423 387 4468 2
400 4422 556 4486 Doomsdny,
569 4421 627 4474 377.
737 4422 746 4453 ¹
766 4423 805 4470 Ib.
818 4420 866 4472 397
878 4422 901 4470 b.
1050 4421 1062 4454 ⁸
1079 4422 1118 4472 Ib.
1130 4421 1178 4473 447
1190 4420 1216 4468 b.
