3298 5162
677 647 850 694 neunuurx.
1197 639 1259 702 305

534 794 632 864 [leuc
652 815 674 850 v.
694 799 718 852 A
738 813 863 856 cnurnrn
883 802 976 874 Nun]

292 890 324 944 In
338 893 487 966 Sinthingu,
500 897 697 971 calumpniatur
709 903 821 973 quedam
835 923 950 976 paupera
962 908 1085 964 monialis
1100 911 1172 965 1111.
1186 929 1258 966 uerus

254 979 323 1033 turre
335 999 400 1052 quae
413 981 459 1038 illu
471 988 543 1040 tenet
555 987 605 1040 sub
619 988 738 1043 Redulie
750 992 850 1045 tumeu¹
863 997 926 1048 ente
944 999 971 1048 et
989 1001 1128 1067 postquam
1141 1016 1170 1052 se
1182 999 1258 1054 torie-

253 1063 344 1120 secisse
360 1071 387 1122 et
406 1069 444 1123 ite
465 1077 580 1126 testatur
599 1074 729 1140 hundred,
746 1083 774 1132 et
795 1078 854 1133 leae
873 1086 977 1135 renouat
995 1101 1026 1136 ex
1045 1084 1114 1139 dono
1132 1087 1211 1156 regie,
1224 1089 1257 1142 ed

252 1149 361 1208 seudum
373 1173 460 1210 enum.
499 1159 539 1213 lb.
553 1161 606 1214 264
618 1161 643 1216 b.
998 1175 1003 1180 '

270 1419 308 1488 [Α
328 1421 408 1477 Ferre
427 1423 546 1478 Woueu
564 1443 588 1478 v.
609 1425 733 1480 Arreuu
772 1427 871 1483 Puoor
889 1445 927 1483 er
940 1430 1059 1486 Ounneu
1079 1433 1236 1503 urrunnu]

286 1524 321 1578 Iu
343 1525 523 1582 Brambetuua
546 1532 619 1583 tenet
643 1529 772 1584 Aiturdus
796 1531 828 1586 de
853 1531 956 1604 Regero
980 1533 1058 1590 XVI.
1081 1553 1161 1602 acres,
1186 1537 1256 1608 quod

249 1611 338 1665 tenuit
356 1610 438 1667 libere
456 1613 558 1668 femine
575 1614 801 1670 eommendetioue
820 1617 919 1682 Edriei,
937 1624 966 1674 et
984 1621 1016 1674 R.
1042 1641 1127 1677 eomes
1148 1622 1256 1678 tenebat

249 1697 356 1766 quaudo
376 1698 511 1764 forisfecit,
533 1703 601 1754 teste
622 1701 750 1764 hundred,
771 1705 799 1756 et
817 1702 950 1758 Robertue
970 1705 1092 1762 Blnndue
1116 1714 1207 1780 postea
1226 1711 1254 1764 in

250 1800 332 1837 manu
351 1784 429 1854 regie,
441 1789 468 1840 et
484 1786 561 1840 modo
583 1789 657 1840 tenet
676 1787 804 1841 Aiterdus
823 1787 903 1842 homo
916 1790 1014 1860 Rogeri
1028 1793 1110 1862 Bigot
1121 1813 1253 1850 commen-

249 1867 355 1923 datione
367 1875 506 1942 postquam
520 1872 641 1942 Rogerue
659 1873 793 1928 forisfecit.
831 1875 877 1929 Ite
890 1875 1010 1932 hundred
1023 1896 1078 1933 esee
1091 1883 1214 1943 testetur,
1226 1887 1253 1936 et

249 1953 295 2008 ille
306 1953 406 2010 femina
417 1956 494 2011 offert
508 1956 641 2028 judicium
654 1959 725 2030 quod
742 1979 834 2014 verum
847 1967 888 2016 est
901 1965 967 2018 teste
981 1964 1109 2028 hundred,
1122 1971 1150 2021 et
1162 1966 1252 2020 hiter-

248 2039 298 2094 due
307 2042 469 2107 contradicit,
482 2051 509 2098 et
521 2044 570 2099 sub
580 2063 609 2098 en
622 2051 686 2120 ¹eunt
700 2046 738 2100 II.
751 2046 852 2116 integri
863 2047 939 2102 liberi
953 2050 1081 2105 homines.
1111 2051 1151 2106 Ib.
1166 2052 1251 2109 2771).

266 2317 384 2384 [Itoeun
402 2320 495 2376 Bruor
511 2337 573 2376 eun
591 2321 713 2376 Gouure.
742 2322 850 2376 Puoou
870 2339 907 2378 ur
925 2322 1045 2379 Ouuuuu
1064 2341 1101 2379 ou
1121 2325 1233 2381 Berrne

671 2409 829 2478 orreum]

292 2508 325 2563 In
346 2509 468 2564 Biebesle
488 2511 511 2565 I.
529 2511 596 2565 liber
612 2511 691 2567 homo
712 2512 808 2567 Anulee
828 2513 1034 2579 commendatus,
1054 2531 1115 2569 eum
1139 2515 1250 2571 dimidie

246 2596 328 2652 libero
340 2607 458 2668 tempore
470 2597 541 2668 regie
560 2597 692 2662 Edwardi,
705 2598 737 2654 de
749 2599 843 2653 XVII.
857 2601 932 2654 euris.
952 2641 958 2654 .
978 2641 984 2653 .
1005 2643 1011 2655 .
1033 2601 1121 2656 Istum
1134 2605 1250 2658 servavit

245 2684 366 2755 Rogerue
379 2683 461 2757 Bigot
479 2686 508 2739 iu
527 2703 607 2740 mauu
625 2688 696 2756 regie
709 2687 778 2741 sicut
789 2686 856 2742 dicit
868 2691 895 2742 et
914 2687 1002 2742 reddit
1019 2707 1125 2743 censum
1139 2690 1167 2744 iu
1180 2691 1249 2746 hun-

243 2769 316 2835 dred,
329 2770 375 2826 sed
387 2771 506 2826 hundred
526 2777 649 2836 testetur,
663 2773 732 2843 quod
751 2773 879 2828 Gedrieue
891 2773 993 2845 dapifer
1012 2775 1100 2831 tenuit
1112 2776 1162 2831 sub
1179 2796 1249 2849 rege,

244 2857 406 2914 adiendum
428 2858 535 2912 Rednlfi
556 2859 662 2913 eumitie
681 2863 825 2931 antequaut
846 2859 973 2915 forisfecit
993 2861 1016 2916 1.
1038 2881 1116 2925 enno,
1138 2867 1165 2916 et
1188 2869 1249 2934 pest

243 2963 290 3016 per
302 2945 343 2999 ΙΙ.
356 2963 440 3000 ennon
453 2964 484 3001 ex
497 2945 566 3000 douo
584 2946 662 3016 regis,
676 2950 703 3000 et
721 2951 820 3012 eontra,
832 2946 912 3001 horno
931 2947 1029 3018 Rogen'
1047 2947 1129 3018 Bigot
1141 2953 1246 3004 eontra·

243 3031 309 3088 dieit
317 3031 419 3104 juditio
432 3032 475 3088 vei
487 3032 564 3088 bellu.
603 3034 645 3088 Ib.

259 3243 338 3313 [Ture
357 3245 482 3300 K1nev.
502 3244 675 3299 Buncueun.
713 3244 812 3298 Puooe
831 3260 967 3299 urrunnu
986 3249 1001 3274 ‘⁶
1011 3260 1089 3300 oun1
1108 3247 1232 3317 nouo.¹']

276 3347 314 3402 Et
334 3347 455 3403 hundred
474 3351 590 3402 testetur
608 3347 678 3417 quod
697 3365 758 3402 vere
777 3366 822 3401 rex
842 3352 869 3401 et
888 3366 975 3402 eomes
995 3347 1092 3402 hebuit
1110 3369 1196 3404 uocem
1217 3356 1245 3405 et

239 3453 325 3488 secem
338 3434 378 3504 [in
390 3433 536 3503 Melneese]
548 3438 665 3504 tempore
677 3433 747 3500 regie
760 3432 885 3487 Edwardi
898 3432 942 3488 sed
955 3433 1076 3488 homiues
1095 3435 1167 3490 illiue
1180 3437 1243 3491 viiie

239 3525 373 3575 testentur
385 3520 454 3592 quod
467 3519 637 3575 Burehurdus
656 3519 780 3574 similiter
798 3518 893 3574 hebuit
910 3539 997 3574 eoeum
1010 3521 1042 3575 de
1055 3520 1144 3575 liberie
1156 3522 1241 3577 homi-

238 3606 316 3662 uibuu
329 3607 407 3662 eieuti
419 3608 452 3662 de
464 3607 519 3662 suis
532 3605 646 3670 villanis,
659 3609 686 3660 et
704 3625 757 3660 nou
777 3605 857 3660 habet
874 3605 975 3677 aliquid
988 3608 1170 3663 testimonium
1181 3614 1242 3680 poet

237 3715 273 3760 ee,
285 3699 312 3752 et
323 3698 414 3750 tumen
427 3694 521 3750 volunt
532 3693 642 3766 probare
654 3693 726 3747 omni
740 3693 827 3748 modo.
865 3692 905 3748 Ib.
918 3695 971 3747 285
984 3694 1009 3748 b.

234 3975 363 4044 [Aeuurc
381 3994 406 4031 v.
425 3975 529 4031 Reum
548 3976 650 4031 Breor.
687 3976 753 4030 Tne
768 3974 849 4030 Klne
864 3989 1005 4029 voncuun
1017 3990 1052 4029 ro
1068 3974 1237 4045 wanhun]

269 4079 421 4151 nequando
434 4079 566 4135 Robertuu
580 4079 664 4134 Melet
683 4079 778 4134 habuit
787 4077 956 4148 [Seoteleienr
969 4083 997 4134 et
1008 4079 1135 4148 Bereolt]‚
1149 4080 1237 4134 redde·

232 4165 278 4222 bat
291 4171 378 4222 tutum
390 4166 470 4221 simul
483 4166 541 4222 Lx.
554 4165 635 4222 librae
648 4166 681 4222 ud
693 4185 812 4238 peneum,
822 4171 849 4221 et
859 4166 942 4222 VIII.
956 4164 1036 4220 libres
1049 4165 1083 4220 ed
1095 4185 1237 4220 numerum

691 4344 698 4376 ¹
713 4351 777 4399 turn.

1088 4453 1110 4496 Χ
