3280 5132
343 605 382 665 28
588 621 720 667 amorre
744 621 1091 668 erano-noannrmror.

340 773 514 838 benedicas.
560 773 717 840 Praeterea
739 775 787 847 fac
805 781 843 839 ut
857 773 904 838 illi
920 775 1039 840 faciant
1054 779 1182 860 pontem
1206 775 1245 840 dc
1261 776 1346 855 Heli,

341 884 409 949 sine
438 885 639 950 excusatione
669 886 724 970 qni
749 908 821 950 eum
848 887 933 950 soliti
957 900 1032 951 sunt
1059 887 1169 952 facere.
1216 888 1347 973 Inquire

341 995 587 1081 perepisoopum
599 997 885 1075 constantiensem,
898 1003 931 1062 et
942 1020 997 1082 per
1007 999 1186 1083 episcopum
1198 998 1345 1064 Walche-

340 1106 454 1186 linum,
476 1114 510 1171 et
531 1130 588 1192 per
610 1113 747 1182 caeteros,
764 1108 818 1193 qui
845 1113 944 1172 terras
971 1114 1086 1172 sancta
1112 1109 1345 1186 AEtheldrithae,

341 1217 437 1282 scribi
452 1224 485 1283 et
494 1218 597 1302 jurari
613 1218 764 1294 fecerunt,
778 1219 937 1303 quomodo
947 1218 1063 1301 jurata
1078 1219 1216 1297 fuerunt,
1232 1226 1266 1284 et
1290 1221 1343 1305 qui

340 1351 393 1394 eas
402 1329 601 1413 juraverunt,
619 1335 652 1394 et
667 1329 721 1413 qui
732 1328 926 1413 jurationem
941 1329 1119 1408 audierunt,
1134 1337 1168 1394 ct
1182 1353 1250 1416 quae
1271 1337 1347 1395 sunt

340 1446 442 1518 tarrae,
459 1445 492 1504 et
506 1445 644 1524 quanta,
661 1446 694 1505 et
709 1445 798 1524 quot,
815 1445 847 1503 et
861 1439 1019 1523 quomodo
1033 1447 1162 1519 vocata,
1176 1448 1209 1506 et
1223 1441 1277 1525 qui
1293 1465 1345 1506 eas

340 1555 462 1615 tenent.
509 1549 572 1613 His
589 1548 740 1615 distincte
761 1550 880 1614 notatis
906 1556 939 1614 et
964 1551 1101 1635 scriptis,
1128 1550 1176 1616 fac
1203 1557 1242 1615 ut
1267 1553 1345 1616 scito

340 1658 413 1724 inde
427 1660 472 1724 rei
488 1659 655 1725 veritatem
679 1683 735 1745 per
754 1660 883 1725 brevem
906 1666 999 1726 tuum
1027 1661 1123 1725 sciam
1148 1668 1183 1726 et
1208 1685 1281 1727 cum
1309 1685 1345 1726 co

339 1771 449 1836 veniat
463 1770 591 1855 legatus
606 1772 739 1837 abbatis.

342 1979 409 2045 [Tha
430 1980 516 2044 king's
538 1981 598 2030 writ
619 1981 802 2044 commanding
824 1981 884 2031 that
902 1982 949 2124 t]h¹e
971 1985 1088 2031 cnstoms
1109 1983 1139 2032 of
1158 1981 1210 2046 Ely
1231 1983 1264 2032 bc
1286 1997 1342 2045 pro·

752 2059 851 2120 sorved,
864 2059 908 2109 dac.

382 2189 564 2256 Willclmus
578 2213 632 2255 rex
648 2189 839 2274 Anglorum,
855 2189 1034 2254 Lanfranco
1053 2190 1293 2276 archiepiscopo,
1311 2197 1344 2256 et

341 2300 500 2366 Goisfrido
512 2299 774 2365 Constanciarum
787 2299 931 2384 episcopo
945 2305 1041 2384 atquc
1054 2300 1212 2366 Rodberto
1221 2301 1343 2378 comiti,

337 2413 481 2477 salutem.
529 2411 650 2475 Mando
665 2409 755 2474 vobis
770 2415 809 2474 ut
823 2410 970 2474 abbatem
995 2410 1033 2474 de
1057 2410 1142 2488 Heli,
1169 2411 1237 2474 sine
1263 2410 1342 2474 dila-

337 2524 425 2589 tione
439 2522 552 2588 habere
567 2520 691 2587 faciatis
707 2520 968 2599 benedictionem,
984 2525 1016 2585 et
1031 2527 1130 2584 terras
1152 2543 1224 2584 suas
1248 2525 1343 2605 atque

259 2635 262 2640 ’
338 2657 447 2700 omnes
472 2632 713 2699 consuetudines
739 2640 776 2696 ut
807 2632 894 2696 vobis
924 2653 1004 2716 saepe
1034 2653 1089 2716 per
1117 2632 1228 2696 breves
1259 2654 1342 2696 meos

338 2744 497 2809 mandavi.
541 2745 586 2808 Ec
611 2743 761 2829 quicquid
786 2743 853 2826 ipse
880 2742 1113 2828 perplacitum
1137 2741 1176 2808 de
1201 2742 1341 2808 dominio

337 2853 539 2940 adquisierit;
563 2853 609 2917 nil
624 2853 772 2938 cuiquam
788 2853 862 2917 inde
884 2841 1007 2917 tribuat
1022 2853 1085 2917 nisi
1112 2875 1182 2917 mea
1205 2853 1343 2933 licentia,

337 2974 370 3030 et
385 2965 456 3030 sede
469 2964 657 3050 placitorum
672 2963 701 3028 ei
717 2963 809 3028 facite
825 2969 956 3042 rectum,
972 2964 1174 3029 defendentes
1189 2971 1225 3029 ut
1236 2965 1342 3032 nullus

337 3076 404 3158 ejus
433 3074 554 3140 incidat
583 3073 689 3154 silvas,
719 3074 991 3159 munitionemque
1026 3097 1116 3139 suam
1157 3075 1271 3140 haheat
1307 3075 1342 3138 in

338 3186 467 3251 Norwic
481 3191 514 3250 et
528 3185 670 3250 homines
685 3185 735 3250 sui
757 3184 822 3249 sint
843 3185 887 3249 ihi
913 3208 985 3250 cum
1009 3208 1087 3270 opus
1109 3185 1206 3250 fuerit
1220 3185 1341 3250 omnia·

337 3321 397 3383 que
412 3319 471 3362 sua
485 3319 557 3363 oum
572 3297 687 3362 honore
701 3297 818 3361 habeat
832 3301 912 3362 teste
928 3297 1053 3382 Rogero
1069 3297 1108 3362 de
1123 3297 1238 3362 Ivreio.

578 3481 709 3548 [Another
722 3481 822 3532 similar
832 3482 893 3530 writ
904 3481 933 3531 of
944 3481 988 3531 the
999 3480 1102 3546 king.]¹

379 3610 560 3676 Willelmus
589 3631 644 3674 rex
673 3608 866 3692 Anglorum,
896 3607 1075 3672 Lanfranoo
1101 3607 1341 3693 archiepiscopo,

335 3729 369 3788 et
385 3722 555 3800 Goisfrido,
578 3721 723 3794 salutem.
767 3718 850 3783 Volo
874 3724 912 3783 ut
936 3719 1127 3798 consecratio
1152 3718 1277 3783 abbatis
1303 3717 1342 3782 dc

338 3834 414 3898 Heli
429 3856 522 3918 quam
543 3831 709 3915 Remigius
723 3831 887 3916 episcopus
902 3828 1043 3914 requirit,
1059 3833 1221 3893 remaneat
1244 3829 1341 3892 donec

335 3968 391 4029 per
405 3944 529 4008 litteras
543 3950 616 4007 tuas
631 3963 819 4025 cognoscam
835 3939 863 4004 si
879 3939 1048 4023 Remigius
1073 3937 1275 4016 monstravit,
1291 3936 1341 4001 vel

336 4058 511 4118 monstrare
527 4052 654 4137 poterit,
669 4051 752 4136 quod
767 4058 978 4116 antecessores
993 4048 1042 4113 sui
1057 4048 1188 4113 abbates
1203 4048 1241 4112 de
1255 4047 1341 4126 Heli,

335 4170 581 4230 consecrassent.
628 4161 721 4228 Quod
736 4168 771 4246 at
794 4160 1068 4226 christianitatem
1083 4157 1221 4243 pertinet
1235 4157 1269 4222 in
1286 4157 1342 4221 illa

371 4346 377 4378 ¹
397 4343 474 4391 Liber
486 4341 607 4399 Eliensis,
620 4339 670 4389 259
682 4339 762 4402 (Ang-
774 4337 858 4387 Chris.
872 4336 951 4400 Soa).
1171 4335 1180 4366 ¹
1199 4337 1237 4386 Ib.
1250 4335 1305 4385 260.
