3286 5142
330 629 391 691 112
576 647 709 692 rnncrra
732 645 1083 694 arcuo-uonuuusrcn.

327 798 475 864 habiturn
499 796 634 882 arripere
661 798 829 883 cupientis,
845 799 991 884 magistri
1008 800 1057 864 sui
1071 798 1260 880 doctrinam,
1275 800 1330 885 qui

327 933 449 995 semper
463 909 618 974 mentitur
643 915 700 974 aut
714 908 841 995 decipit,
857 915 995 990 secutus,
1010 909 1140 976 advenit
1165 909 1219 976 ille
1244 911 1331 976 Rod-

326 1020 446 1085 bertus.
492 1020 557 1086 Qui
571 1019 714 1086 dicturus
728 1020 937 1100 mendacium,
952 1043 971 1085 a
987 1022 1148 1086 mendacio
1162 1020 1329 1108 incipiens,

324 1132 371 1197 ait
396 1131 507 1197 nobisr
530 1135 551 1168 “
561 1131 660 1197 Hunc
682 1131 864 1197 hominem:
892 1132 1040 1198 Bricstan
1066 1132 1195 1214 scilicet,
1225 1132 1328 1200 furem

323 1267 399 1321 esse,
435 1243 600 1329 pecuniam
638 1243 723 1329 regis
758 1243 917 1329 propriam
946 1243 980 1308 in
1008 1244 1173 1309 latrocinio
1202 1245 1328 1326 babere,

323 1355 433 1434 celare,
448 1361 480 1420 et
496 1360 533 1419 ut
547 1354 688 1420 criminis
701 1353 797 1438 hujus
810 1354 966 1438 judicium
990 1360 1023 1420 et
1048 1377 1173 1439 poeuam
1193 1355 1325 1421 evadere
1378 1343 1380 1348 ⁵

279 1545 280 1548 Ἴ
322 1465 516 1550 valeat,‚non
539 1487 633 1530 causa
657 1464 791 1529 ulterius
815 1464 928 1529 salutis
951 1465 1175 1530 monachatum
1191 1489 1327 1550 quarere
1449 1537 1461 1548 ,

324 1575 438 1640 sciatis.
484 1576 558 1661 Ipse
582 1597 719 1659 namque
742 1576 926 1640 thesaurum
951 1575 1111 1640 occultum
1137 1577 1272 1656 invenit,
1287 1600 1326 1642 ex

322 1709 385 1772 quo
409 1685 521 1751 furtim
545 1685 669 1750 sublato
692 1685 861 1750 foenerator
884 1686 1013 1750 effectus
1036 1692 1094 1752 est.
1148 1689 1326 1752 Tantorum

321 1797 429 1882 itaque
443 1819 514 1862 reus
528 1795 697 1861 criminum
710 1796 869 1862 latrocinii
890 1796 1037 1862 videlicet
1062 1803 1095 1862 et
1119 1821 1231 1878 usurae,
1247 1821 1326 1882 prae-

321 1907 431 1972 sentim
453 1907 539 1991 regis
561 1905 613 1972 vel
637 1905 781 1990 judicum
796 1907 913 1972 metuit
926 1907 1080 1973 assistere.
1126 1909 1326 1995 Quapropter

320 2019 384 2085 huc
398 2019 438 2084 ad
452 2041 509 2084 vos
524 2040 563 2084 ex
576 2017 661 2103 regis
684 2017 817 2102 imperio
840 2017 968 2098 missus,
991 2018 1145 2084 interdico
1169 2042 1211 2085 ne
1233 2021 1324 2084 illum

320 2130 355 2194 in
389 2135 495 2195 vestro
529 2127 662 2214 collegio
696 2128 838 2194 audeatis
871 2129 1059 2213 suscipere.”
1103 2131 1173 2195 Nos
1205 2137 1323 2208 autem,

320 2240 428 2305 audita
453 2239 537 2324 regis
560 2239 747 2318 defensione,
773 2239 922 2304 timentes
947 2239 1027 2304 iram
1057 2242 1128 2325 ejus
1153 2241 1321 2320 incurrere,

319 2352 478 2417 noluimus
518 2352 602 2416 hunc
638 2350 799 2416 bominem
835 2351 931 2416 coetui
967 2358 1076 2417 nostro
1119 2353 1323 2436 conjungere.

320 2461 407 2528 Quid
439 2461 559 2547 plura?
600 2461 666 2526 Sub
700 2461 934 2546 fidejussoribus
967 2461 1092 2542 missus,
1124 2462 1251 2528 ducitur
1283 2463 1324 2527 ad

314 2573 481 2658 judicium.
527 2572 665 2638 Radulfo
690 2579 797 2636 autem
823 2572 922 2637 Basso
946 2572 1072 2637 sedente
1087 2595 1143 2659 pro
1158 2572 1322 2655 tribunali,

318 2682 518 2769 congregatis
533 2683 629 2747 etiam
644 2681 888 2768 provincialibus
912 2681 1067 2747 universis
1090 2682 1174 2768 apud
1189 2682 1318 2750 Hunte·

317 2794 445 2860 doniam
464 2793 514 2878 (ut
528 2814 596 2858 mos
611 2800 659 2858 est
675 2793 710 2856 in
726 2793 890 2884 Anglia¹),
905 2815 966 2878 ego
992 2793 1058 2878 ipse
1075 2794 1230 2872 Herveus,
1246 2816 1319 2861 cum

316 2904 483 2970 abbatibus
507 2902 664 2970 Rainaldo
691 2903 897 2984 Ramesiensi,
913 2910 945 2968 et
970 2902 1129 2970 Rodberto
1152 2905 1315 2983 Tomensi,

317 3036 439 3080 necnon
454 3012 574 3078 clericis
588 3013 732 3097 pluribus
746 3021 778 3077 et
793 3013 954 3079 monachis
969 3013 1109 3080 interfui.
1124 3095 1127 3100 Ι
1148 3015 1193 3078 Et
1207 3036 1247 3079 ne
1262 3039 1318 3080 vos

315 3125 444 3210 lougius
477 3124 669 3210 protraham,
692 3130 856 3189 accusatus
882 3123 935 3190 ille
960 3147 1034 3190 cum
1062 3148 1158 3191 uxore
1185 3148 1320 3211 praesen-

315 3241 424 3314 tatur3
447 3233 586 3300 crimeua
600 3234 661 3301 sibi
675 3234 754 3299 falso
768 3233 916 3319 imposita
930 3241 1132 3302 renovantur.
1177 3236 1237 3301 Ille
1256 3259 1321 3302 non

315 3354 387 3414 acta
412 3348 562 3432 negabat,
585 3346 669 3433 quod
693 3368 758 3410 non
784 3346 899 3411 fecerat
924 3346 1066 3412 confiteri
1084 3347 1247 3432 nequibat.
1291 3348 1320 3412 Ε

315 3464 437 3536 contra,
460 3459 499 3523 de
534 3457 696 3522 mendacio
731 3457 887 3540 arguitur,
919 3457 1100 3537 deridetur;
1142 3459 1319 3524 eratenim

315 3569 547 3655 aliquantulum
572 3569 784 3653 corpulentus,
800 3567 964 3634 mediocris
988 3591 1136 3653 persona,
1153 3575 1185 3634 et
1207 3570 1319 3635 hones·

315 3690 383 3747 tam
402 3681 451 3763 (ut
472 3680 520 3744 ita
540 3678 655 3762 dicam)
675 3678 810 3743 cheriem
829 3678 975 3744 babebat.
1020 3679 1100 3744 Post
1115 3680 1232 3744 multas
1246 3703 1320 3744 vero

285 3821 289 3826 ’
316 3793 421 3857 illatus
459 3791 519 3857 sibi
552 3791 619 3856 sine
645 3789 757 3855 merito
783 3789 1001 3869 contumelias,
1026 3789 1115 3855 velut
1141 3791 1319 3854 Susannam

315 3903 598 3990 praejudicaverunt
618 3901 732 3988 ipsum,
757 3924 829 3966 cum
855 3901 942 3966 omni
968 3901 1098 3967 omnino
1125 3901 1320 3986 possessione

315 4014 429 4079 ditioni
443 4014 527 4099 regis
542 4013 742 4078 tradendum.

350 4285 357 4316 ¹
375 4282 430 4332 'I'hs
449 4280 544 4332 author
561 4281 592 4332 of
605 4281 658 4330 this
675 4281 764 4330 record
783 4295 837 4331 was
854 4282 951 4343 Wariu,
969 4281 1049 4331 abbot
1068 4281 1099 4330 ol
1113 4281 1151 4330 St.
1164 4281 1274 4330 Evronlt
1291 4281 1319 4329 in

313 4359 472 4423 Normandy,
483 4359 549 4408 stom
557 4359 642 4408 whom
654 4358 758 4409 Ordoric
768 4363 861 4422 quotes
871 4361 901 4410 it.
