3280 5132
676 671 819 715 vuumsu
842 669 866 715 1.
1231 653 1272 716 33

337 821 488 886 inquisition
499 825 527 872 to
538 823 667 872 ascertaiu
679 823 725 872 the
742 823 827 873 truth.
860 822 915 872 ‘Phe
925 821 982 872 iact
999 821 1080 870 found
1098 822 1124 870 in
1143 823 1235 872 favour
1244 823 1275 873 oi

336 901 383 949 the
390 901 477 961 abbot,
489 901 541 950 und
552 915 569 949 a
578 901 639 950 mit
650 901 745 959 ueued,
758 900 877 951 followed
888 901 924 965 by
934 899 1045 950 another
1051 899 1118 949 nom
1126 900 1171 950 the
1182 915 1273 966 queen,

336 977 458 1041 orderiug
467 978 576 1028 meeisin
586 978 617 1027 oi
624 979 669 1028 the
680 977 783 1044 abbot.]

271 1092 476 1158 Wsuuuuuus
498 1092 582 1158 tilius
605 1092 690 1178 regis
716 1091 879 1158 Willelmo
903 1091 1080 1158 vicecomiti
1106 1091 1145 1158 de
1173 1093 1272 1173 Kent,

272 1202 415 1268 salutem.
462 1203 610 1289 Praeoipio
625 1201 708 1288 quod
723 1202 883 1289 praecipias
900 1203 1052 1282 Hamoui,
1063 1203 1127 1268 filio
1143 1202 1273 1284 vitalis,

271 1319 303 1378 et
318 1314 424 1399 probis
438 1315 552 1380 vicinis
567 1315 606 1380 dc
622 1314 802 1394 Sandvvioh,
818 1337 895 1399 quos
912 1315 1019 1378 Hamo
1033 1313 1222 1394 nominavit,
1234 1319 1272 1379 ut

269 1424 378 1490 dicant
393 1426 558 1491 veritatem
581 1425 620 1490 do
640 1447 722 1490 navo
737 1425 860 1490 abbatis
883 1424 921 1489 de
945 1427 1063 1490 Sancto
1079 1423 1271 1509 Augustino,

269 1541 303 1600 et
317 1535 344 1600 si
364 1536 454 1600 navis
477 1537 531 1601 illa
552 1537 690 1621 perrexit
703 1559 759 1620 per
782 1535 933 1601 meredic
952 1559 1014 1622 qua
1029 1559 1083 1600 rex
1099 1535 1269 1600 novissime

222 1667 225 1674 ·
270 1669 356 1712 mare
380 1647 539 1728 transivit,
554 1653 632 1713 tuno
654 1647 799 1733 praecipio
815 1653 853 1712 ut
868 1647 960 1712 modo
979 1654 1094 1732 pergat
1108 1670 1270 1733 quousque

271 1780 327 1822 rex
342 1759 375 1822 iu
392 1759 545 1842 Auglium
561 1760 679 1840 veniat,
694 1765 728 1824 et
741 1759 868 1824 interim
892 1759 1071 1825 resaisistur
1085 1759 1160 1824 iude
1175 1758 1272 1824 abbas

271 1870 448 1954 predictus.
493 1870 586 1935 'Peste
607 1871 751 1955 episcopo
779 1872 893 1935 Sarum
915 1876 949 1935 et
972 1871 1167 1951 cancellario,
1190 1869 1274 1956 apud

272 1980 455 2047 Wodstolse.

447 2155 528 2222 [Writ
539 2159 569 2208 oi
580 2159 717 2208 execution
727 2159 758 2208 oi
769 2160 852 2209 above
868 2175 903 2209 on
916 2155 1095 2223 jndgmsnt.]¹

316 2269 497 2336 Willelmus
519 2272 603 2336 filius
618 2272 701 2357 regis
725 2272 887 2338 Willelmo
910 2271 1089 2338 vicecomiti
1110 2271 1148 2338 dc
1173 2271 1273 2352 Kent,

274 2381 418 2447 salutem.
463 2381 614 2468 Praecipio
636 2384 720 2470 quod
745 2383 885 2449 resaisias
908 2383 1055 2448 abbatem
1084 2382 1123 2448 de
1155 2383 1272 2447 Sancto

179 2495 183 2503 '
274 2494 455 2579 Augustino
481 2495 624 2561 deusve
650 2517 716 2575 sue,
740 2495 824 2560 sicut
843 2517 903 2578 ego
929 2493 1060 2580 precepi
1084 2515 1140 2580 per
1166 2515 1273 2558 meum

272 2604 359 2670 aliud
373 2605 477 2685 breve,
492 2612 525 2671 et
540 2606 622 2671 sicut
642 2606 841 2690 recognitum
857 2604 921 2670 fuit
935 2627 990 2689 per
1004 2605 1118 2690 probos
1133 2602 1276 2670 homiues

273 2715 454 2797 comitatus,
476 2717 559 2801 quod
588 2716 662 2782 indo
684 2716 781 2781 abbas
804 2720 873 2781 erat
897 2715 1036 2795 saisitus,
1061 2715 1112 2780 di'c
1135 2737 1197 2799 qua
1220 2737 1275 2779 rex

273 2849 358 2893 mare
388 2827 557 2893 novissime
587 2828 738 2893 transivit
745 2855 756 2909 ;
788 2833 821 2893 et
847 2827 880 2891 in
907 2849 982 2913 pace
1011 2833 1129 2893 teneat.
1183 2826 1275 2891 Teste

272 2936 466 3016 cancellario,
478 2937 562 3022 apud
573 2938 775 3005 Wendesore.
820 2939 865 3005 Et
879 2939 938 3003 hoc
952 2938 1020 3004 sine
1034 2960 1132 3019 mora,
1147 2960 1187 3003 ne
1202 2936 1276 3002 iude

273 3046 441 3112 clamorem
457 3047 585 3113 audiam
600 3047 746 3135 emplius.
793 3049 886 3114 Teste
900 3048 1020 3114 eodem.

519 3257 649 3322 [Another
665 3259 717 3308 like
727 3259 789 3309 urit
799 3259 834 3324 by
846 3259 892 3309 the
903 3257 1030 3325 Queen.]¹

317 3383 455 3450 Matilda
477 3385 589 3470 regina
614 3387 733 3451 Aussu.
757 3385 907 3471 dapifer0,
932 3387 1076 3452 salutem.
1121 3385 1275 3472 Praecipio

273 3495 344 3573 tibi,
374 3501 411 3559 ut
440 3494 535 3560 facias
560 3495 647 3580 juste
676 3494 764 3562 reddi
793 3519 907 3562 navem
936 3497 1060 3562 abbatie
1090 3497 1127 3562 de
1159 3499 1275 3563 Sancto
1331 3541 1334 3548 «

180 3605 181 3610 ’
275 3605 470 3690 Augustino,
485 3612 518 3671 et
540 3629 649 3672 omues
675 3629 746 3672 suas
762 3629 810 3673 res
833 3630 903 3693 quae
928 3615 1027 3692 captae
1045 3607 1186 3674 fuerunt.
1231 3610 1276 3676 Et

274 3721 436 3801 ponantur
459 3738 513 3800 per
527 3715 648 3801 plegios
664 3739 772 3782 omues
795 3717 843 3782 illi
864 3718 1019 3799 homines,
1032 3719 1088 3804 qui
1102 3741 1171 3784 eam
1186 3741 1274 3804 cepe-

275 3831 371 3902 ruut3
394 3830 432 3889 ut
447 3825 513 3891 sint
523 3826 563 3890 ad
578 3832 699 3891 rectum
714 3827 783 3912 regi
798 3827 923 3912 quaudo
938 3851 989 3894 eos
1004 3829 1117 3895 habere
1129 3830 1273 3897 voluerit.

275 3937 320 4001 Et
333 3935 478 4022 praccipio
499 3937 584 4022 quod
599 3959 707 4002 omnes
721 3961 784 4002 suae
807 3961 856 4003 res
878 3937 943 4004 siut
958 3939 992 4005 in
1007 3963 1093 4026 pace,
1108 3941 1191 4007 sicut
1204 3941 1272 4007 fue·

275 4054 352 4113 runt
367 4047 417 4114 die
433 4071 564 4134 quares
578 4071 664 4114 mare
687 4049 846 4128 transivit,
861 4050 959 4116 donec
981 4052 1047 4138 ipse
1067 4052 1102 4117 iu
1121 4053 1276 4138 Angliam

275 4160 392 4228 redeat.
438 4162 531 4227 'Peste
555 4161 700 4247 episcopo
728 4162 922 4244 saresberia,
947 4165 1033 4250 apud
1055 4163 1276 4256 Westmouas·
1355 4253 1359 4262 ¹

276 4272 401 4337 terium.

374 4422 382 4453 ¹
400 4422 470 4472 Hist.
484 4423 553 4472 Mon.
570 4424 609 4472 et.
621 4423 690 4486 Aug.
703 4424 752 4474 354
764 4424 837 4488 (Reo-
850 4424 943 4488 Gom.).
1113 4425 1123 4460 ²
1141 4426 1180 4475 Ib.

1129 4535 1150 4579 D
