3286 5150
691 667 801 713 naras
825 669 863 714 11.
1220 655 1282 719 25⁷

283 815 487 882 Gloucestriae
501 817 540 882 de
555 841 619 882 una
633 819 718 904 hyda
733 825 823 884 terrae
838 820 876 885 dc
890 819 922 886 la
939 821 1035 908 Hyde
1050 846 1146 908 quam
1161 829 1282 892 tenent.

284 926 329 990 Et
343 926 492 1011 prohibeo
504 950 543 993 ne
558 928 619 1012 ipsi
629 929 702 994 inde
716 929 834 1012 injuste
845 939 1010 1010 vexentur,
1021 931 1070 998 vel
1084 933 1117 996 in
1130 933 1281 1018 placitum

283 1043 454 1120 ponantur,
467 1044 524 1102 aut
537 1038 571 1102 in
589 1038 709 1124 aliquas
731 1041 972 1108 consuetudines
994 1064 1072 1127 quas
1095 1043 1195 1110 faeere
1217 1067 1282 1110 non

282 1145 426 1212 solebant
440 1155 579 1234 tempore
594 1149 677 1234 regis
695 1151 825 1215 Henrici
840 1153 893 1216 avi
908 1151 979 1218 mei.
1024 1154 1069 1218 Et
1084 1153 1147 1218 nisi
1162 1153 1282 1234 feceris,

278 1256 406 1340 justitia
429 1280 498 1325 mea
519 1259 625 1339 faciat,
645 1283 686 1324 ne
706 1261 842 1345 amplius
865 1262 938 1327 inde
961 1262 1128 1329 clamorem
1155 1265 1281 1331 audiam

282 1391 339 1452 pro
354 1370 485 1452 penuria
500 1372 586 1436 recti.
632 1371 724 1437 'Peste
736 1372 871 1437 Widonc
887 1372 1004 1439 decano
1026 1374 1111 1458 apud
1133 1375 1281 1443 Glouces-

283 1480 389 1545 triam.

312 2023 449 2114 [Moris
471 2049 538 2094 ann
561 2029 643 2094 ΜΕΝ
665 2048 704 2094 or
727 2029 948 2094 Gnoncssrsa.
996 2026 1260 2114 1154-1164.]¹
1346 2082 1353 2096 .

284 2183 338 2232 Tha
349 2183 436 2248 king’s
446 2184 507 2233 writ
518 2183 650 2246 diracting
659 2183 719 2233 that
730 2182 776 2232 the
787 2183 879 2231 mocks
890 2182 920 2232 of
926 2180 1080 2232 Glaucester
1088 2183 1140 2232 and
1147 2182 1217 2232 their
1224 2196 1282 2230 men

472 2261 504 2309 bc
514 2263 618 2322 exsmpt
630 2259 696 2308 from
707 2259 762 2314 tolt,
774 2263 896 2318 customs,
908 2259 960 2308 and
971 2257 1103 2322 passage]

285 2393 469 2474 anlucUS,
494 2418 547 2461 rex
577 2395 714 2479 Angliae,
740 2400 774 2459 ct
798 2394 863 2458 dux
887 2393 1092 2459 Ncrmanniae
1123 2401 1156 2459 et
1180 2393 1282 2478 Aqui·

284 2505 412 2586 tanniae,
427 2512 461 2571 et
475 2527 577 2570 comcs
600 2504 804 2590 Andegaviae‚
823 2504 1019 2589 justiciariis,
1037 2504 1283 2583 vicecomitibus,

286 2621 319 2680 et
341 2615 496 2680 ministris
511 2615 586 2694 suis,
603 2615 733 2679 Francis
748 2621 782 2680 et
795 2613 925 2700 Anglis,
940 2615 1087 2681 salutem.
1134 2616 1284 2700 Praecipio

284 2725 368 2811 quod
397 2726 542 2790 monachi
572 2725 778 2790 Glcucestriae
803 2731 836 2790 et
862 2724 980 2809 proprii
1003 2725 1146 2790 homines
1176 2748 1283 2790 eorum

285 2837 351 2902 sint
372 2836 482 2922 quieti,
505 2835 682 2920 ubicunque
705 2835 991 2914 transfretaverint,
1018 2834 1069 2901 vel
1092 2835 1223 2917 fuerint,
1248 2837 1283 2900 in

284 2953 368 3014 terra
391 2970 470 3026 mea,
494 2952 527 3012 et
549 2947 662 3026 victus,
691 2951 725 3012 et
753 2945 939 3025 corredium,
964 2951 998 3010 et
1024 2968 1073 3010 res
1101 2946 1281 3032 ubicunqne

284 3057 420 3124 emerint
443 3057 494 3123 vel
520 3057 717 3122 vendiderint
748 3057 789 3120 ad
814 3078 893 3142 opus
919 3077 1012 3121 suum
1040 3057 1214 3140 proprium,
1244 3059 1283 3123 ab

286 3169 373 3234 omni
398 3166 551 3247 theloneo,
578 3172 612 3231 ct
635 3167 872 3246 consuetudine,
896 3173 929 3232 et
944 3166 1100 3251 passagio.
1145 3168 1190 3232 Et
1211 3183 1282 3253 pro·

125 3249 128 3254 '
176 3291 178 3296 ¹
285 3279 377 3344 niceo
401 3301 441 3344 ne
466 3278 536 3363 qua
561 3299 612 3342 ωε
637 3277 795 3343 disturbes
824 3299 918 3363 super
942 3276 1048 3342 daem
1072 3277 1167 3342 inas
1193 3279 1282 3345 sorc-

285 3389 422 3453 facturae.
467 3388 559 3452 'Peste
574 3385 694 3452 Thema
708 3385 891 3452 cancellario
905 3386 990 3472 apud
1005 3386 1247 3454 Gloucestriam.

410 3895 547 3980 [Moris
569 3917 609 3962 cr
631 3897 853 3962 Gnovcasrna.
900 3893 1155 3978 ute-1164?

407 4047 474 4112 [Tha
486 4049 570 4115 king's
581 4051 641 4099 vrit
652 4049 801 4113 exempting
811 4048 886 4100 lande
897 4049 963 4100 stom
974 4048 1075 4098 certain
1085 4043 1171 4109 daea]

289 4175 470 4256 Humane,
497 4199 552 4242 rex
577 4176 715 4261 Angliae,
738 4181 771 4241 et
795 4175 862 4239 dux
886 4172 1093 4239 Ncrmanniae
1122 4176 1154 4235 et
1186 4168 1287 4252 Aqui-

353 4367 362 4401 ¹
379 4359 499 4414 2Ohr0n
512 4363 582 4412 Mon.
595 4317 938 4425 Glouc1³³(1tsc.00m.).'
1155 4353 1166 4386 ²
1184 4355 1223 4403 1b.

1144 4463 1160 4507 8
