3286 5150
655 650 762 694 unsar
788 651 824 694 11.
1175 629 1237 692 225

238 799 349 866 tuariae
373 805 405 866 ct
428 801 571 867 homines
595 802 634 866 de
663 803 806 867 Theneto
825 801 881 888 qui
902 801 1062 887 pertinent
1085 803 1126 867 ad
1151 810 1239 870 tcne-

238 919 383 977 mentum
412 912 497 978 beati
534 913 710 998 Augustini
742 913 800 978 tali
836 913 928 978 modo
960 913 1116 999 pacificati
1153 923 1238 982 sunt.

239 1023 459 1089 Controversia
486 1024 601 1110 quippe
623 1023 706 1089 inter
730 1025 898 1090 monachos
925 1023 1035 1090 Sancti
1064 1025 1240 1110 Augustini

239 1141 272 1198 et
286 1135 427 1200 homines
442 1135 481 1200 de
496 1137 638 1201 Thancto
653 1135 773 1200 diutius
788 1135 911 1220 agitata
936 1140 998 1216 est,
1020 1135 1098 1221 ipsis
1119 1137 1240 1203 'ibane-

128 1277 137 1290 ·
239 1244 381 1311 tensibus
410 1246 620 1313 asserentibus
649 1269 682 1312 se
716 1247 755 1312 ad
792 1246 963 1332 capitalem
1003 1245 1121 1312 curiam
1157 1247 1243 1314 beati

240 1355 416 1441 Augustini
431 1357 608 1423 Cantuariae
630 1358 801 1443 placitandi
816 1381 909 1423 causa
923 1357 973 1423 vel
991 1357 1146 1444 judicium
1168 1381 1237 1424 sue·

240 1468 363 1533 tinendi
378 1468 466 1534 nullo
481 1471 575 1535 modo
588 1469 698 1536 debere
720 1470 871 1549 accedere,
888 1475 936 1534 set
953 1469 987 1534 in
1009 1468 1161 1534 balimoto
1183 1491 1239 1534 suo

240 1577 275 1642 in
291 1580 432 1644 Thenete
448 1579 554 1644 omnia
564 1579 684 1664 judicia
700 1601 755 1644 sus
770 1579 914 1660 exerceri,
930 1579 1013 1645 unde
1027 1579 1110 1645 idem
1121 1579 1241 1646 electus

240 1697 430 1775 potestatem
452 1691 572 1775 regiam
594 1690 807 1776 interpellans,
823 1690 972 1775 optinuit,
987 1691 1069 1776 quod
1091 1713 1130 1756 ex
1152 1690 1240 1776 regio

241 1802 390 1866 mandato
406 1801 512 1866 eadem
525 1801 737 1866 controversia
751 1800 785 1864 in
800 1802 953 1866 comitatu
965 1801 1088 1866 Canciae
1098 1799 1241 1866 debitum

241 1912 337 1976 finem
361 1911 530 1976 sortiretur.
591 1911 652 1976 Die
678 1911 784 1997 itaque
810 1911 981 1976 constituto
1007 1909 1184 1976 Cantuariae
1207 1909 1242 1974 in

241 2022 348 2086 eodem
363 2021 516 2086 comitatu
531 2021 709 2087 astnntibus
724 2023 864 2109 utrisque
875 2023 1017 2108 partibus
1029 2021 1062 2084 in
1075 2027 1242 2106 conspectu

243 2133 399 2199 Johannis
420 2135 459 2200 de
486 2135 614 2220 Kardyf
632 2134 806 2219 supplentis
831 2134 913 2199 vices
934 2132 1066 2198 Roberti
1084 2133 1141 2196 filii
1164 2135 1240 2198 Ber·

242 2244 332 2308 nardi
368 2245 570 2326 vicecomitis,
603 2247 699 2312 iidem
736 2247 949 2312 Thenetenscs
985 2244 1084 2310 coacti
1120 2243 1241 2310 ratione

243 2355 400 2440 aequitatis
425 2363 685 2442 recognoverunt,
715 2379 747 2422 se
776 2357 886 2422 debere
915 2356 956 2420 ad
986 2355 1104 2420 curiam
1133 2355 1243 2420 Sancti

245 2467 422 2552 Augustini
438 2468 617 2532 Cantunriae
632 2467 738 2532 venire
754 2466 900 2552 quociens
914 2463 1099 2530 summoniti
1113 2464 1244 2544 fuerint,

242 2583 275 2642 et
304 2577 421 2644 ibidem
450 2577 477 2642 si
506 2578 544 2644 de
574 2577 678 2664 alique
707 2601 740 2643 re
769 2600 844 2662 erga
873 2599 925 2641 eos
954 2576 1111 2661 querelam
1147 2574 1245 2641 abbas

243 2689 400 2770 habuerit,
425 2688 577 2774 placitum
607 2689 687 2754 inire
717 2695 750 2752 et
775 2687 894 2772 judicio
923 2687 1016 2751 curiae
1044 2696 1136 2765 stare,
1163 2685 1246 2750 sicut

244 2800 386 2866 homines
410 2800 537 2866 alterius
566 2799 658 2864 villae.
703 2800 748 2864 Et
779 2804 1028 2882 recognoverunt
1054 2797 1137 2883 quod
1166 2795 1245 2859 illud

243 2911 327 2976 idem
343 2910 569 2977 dirationatum
589 2910 687 2976 fuerit
701 2915 808 2975 eontra
824 2933 856 2974 se
876 2915 1016 2993 tempore
1036 2905 1246 2973 Clarembaldi

244 3024 402 3108 quondam
417 3023 507 3090 electi
525 3022 633 3088 Sancti
650 3021 833 3106 Augustini,
856 3020 894 3085 de
917 3019 1082 3085 rebellione
1103 3041 1176 3084 vero
1190 3040 1247 3083 sua

244 3135 399 3219 guagium
415 3134 568 3200 dederunt
582 3134 679 3199 electo
694 3133 728 3197 in
743 3131 899 3197 maneiam
914 3131 1024 3216 ipsius,
1044 3137 1076 3197 et
1098 3131 1132 3195 in
1147 3153 1246 3195 manu

246 3245 405 3331 Radulphi
429 3247 556 3312 senioris
584 3245 693 3310 Sancti
714 3243 889 3329 Augustini
911 3243 1039 3310 vidente
1061 3247 1129 3308 toto
1147 3241 1244 3306 comi·

246 3362 318 3421 tatu
333 3362 366 3422 et
379 3357 581 3422 testificante.

279 3501 322 3567 [It
337 3517 391 3552 was
408 3517 546 3568 necessary
557 3508 586 3554 to
596 3505 658 3553 neck
675 3503 721 3552 the
738 3501 824 3564 king's
839 3500 884 3550 nid
893 3501 972 3564 again
987 3500 1015 3548 in
1027 3499 1106 3559 11803
1124 3499 1152 3548 in
1162 3498 1247 3548 wbiob

244 3595 308 3645 ycnr
316 3581 362 3630 the
372 3581 505 3645 following
515 3582 575 3631 mit
585 3595 638 3631 was
648 3580 758 3644 granted
767 3576 836 3643 :-]¹

291 3719 457 3799 chricus,
473 3720 535 3785 Dei
549 3720 664 3804 gratis,
681 3741 735 3784 rex
751 3717 879 3802 Angliae
901 3721 933 3780 ct
954 3714 1020 3779 dux
1042 3712 1248 3779 Normanniae

247 3837 280 3897 et
306 3831 486 3916 Aquitanico
512 3837 545 3896 et
562 3853 665 3896 comes
690 3826 894 3913 Andegaviae,
918 3824 1099 3889 hominibus
1124 3822 1248 3888 abbatis

248 3941 357 4007 Sancti
386 3941 561 4027 Augustini
584 3939 622 4004 de
649 3941 749 4004 Tenet
765 3938 918 4025 salutem.
973 3932 1121 4018 Praecipio
1148 3931 1248 4011 vobis,

247 4052 330 4138 quod
362 4053 448 4138 juste
484 4058 516 4117 et
552 4049 620 4116 sine
655 4048 804 4114 dilatione
832 4046 956 4112 faciatis
985 4045 1115 4130 praefato
1139 4043 1248 4109 abbati

247 4164 374 4229 domino
390 4170 493 4230 vestro
515 4145 620 4227 omnia
643 4159 780 4240 servitio,
795 4165 829 4224 et
851 4156 1101 4235 eonsuetudines,
1123 4161 1156 4220 et
1172 4155 1246 4238 jura

453 4349 462 4382 ¹
480 4354 495 4401 1
508 4353 577 4400 Eiet.
589 4352 658 4400 Mon.
673 4351 712 4400 St.
727 4351 791 4413 Aug.
804 4349 854 4398 449
868 4348 938 4414 (Rae.
952 4346 1042 4410 Com).

1110 4455 1132 4518 Q
