3286 5150
360 679 422 742 ast
604 695 737 740 eunoun
761 690 1110 740 suono-nonnannrcn.

554 897 682 982 [Annon
703 915 743 960 os
767 897 818 962 Sr.
842 897 998 962 Enuuan.
1046 895 1173 980 1187.]Ι

360 1059 461 1123 [bando
476 1058 506 1107 ol
522 1059 560 1108 St.
574 1057 695 1106 Edmund
713 1057 810 1121 having
827 1059 893 1106 been
912 1056 1045 1122 snbjeomd
1062 1060 1091 1105 to
1107 1061 1302 1118 monomenta,
1320 1056 1366 1105 the

425 1135 505 1186 abbat
516 1134 658 1197 complains
669 1133 756 1183 before
768 1135 814 1184 the
824 1135 895 1198 king,
907 1134 1052 1196 exhibiting
1063 1133 1180 1182 chartea-s
1188 1137 1216 1180 to
1223 1133 1295 1182 show
1306 1133 1366 1181 that

425 1214 467 1262 his
476 1213 551 1262 landa
562 1227 607 1262 are
618 1217 665 1261 not
676 1213 778 1276 subject
789 1217 817 1262 to
828 1216 1010 1262 amaroement.
1043 1211 1169 1274 'l'beking
1177 1211 1275 1260 direots
1282 1224 1316 1258 an
1325 1211 1363 1258 in-

427 1290 551 1352 quisition
562 1289 650 1338 before
666 1288 712 1338 the
729 1291 825 1340 borona
841 1287 870 1338 of
886 1289 932 1338 the
950 1288 1100 1352 llxohequer
1115 1293 1143 1336 to
1161 1287 1304 1337 determine
1321 1287 1367 1336 tbe

424 1367 499 1416 truth
509 1366 539 1416 os
547 1366 592 1415 the
603 1371 715 1425 mattam
733 1367 778 1416 tho
792 1367 875 1416 result
885 1365 964 1429 being
975 1367 1002 1415 in
1013 1366 1105 1414 favour
1115 1365 1145 1414 ol
1153 1366 1198 1414 tho
1209 1363 1311 1428 abbat]

362 1508 437 1572 Duo
451 1505 619 1571 comitatus
641 1505 825 1570 Norlolchia
840 1511 873 1570 et
890 1505 1089 1571 Suthfolcbia
1113 1504 1208 1590 positi
1235 1505 1365 1568 luerunt

361 1617 393 1680 in
418 1616 630 1682 misericordia
657 1616 741 1700 regis
771 1639 790 1680 a
817 1615 1003 1701 justiciariis
1031 1616 1210 1681 errantibus
1237 1622 1366 1700 propter

361 1727 518 1812 quoddam
534 1726 779 1806 forisfacturam,
794 1733 826 1792 et
840 1727 941 1812 posite
955 1727 1084 1792 fuerunt
1100 1727 1139 1794 L.
1155 1749 1257 1791 marce
1273 1749 1365 1810 super

360 1837 588 1918 Norfolchiam,
597 1846 630 1904 et
641 1839 748 1903 XXX.
759 1861 852 1922 super
866 1837 1064 1903 Sutsoloiam.
1089 1839 1216 1902 Etcum
1228 1837 1363 1922 quedam

360 1949 464 2034 porcio
493 1947 532 2014 de
562 1948 617 2013 illa
649 1949 809 2013 communi
839 1947 1049 2014 miserioonlia
1078 1955 1246 2033 poneretur
1272 1971 1365 2032 super

360 2067 458 2126 terras
476 2059 587 2126 Sancti
602 2058 779 2123 AEdmundi
794 2065 828 2123 et
844 2059 957 2124 acriter
971 2059 1161 2144 exigeretur,
1184 2058 1280 2123 abbas
1296 2056 1365 2122 sine

359 2169 446 2234 omni
473 2192 560 2235 mora
586 2169 665 2235 adiit
688 2169 852 2235 dominum
879 2193 997 2254 regem,
1021 2176 1053 2235 et
1076 2168 1255 2234 invenimus
1291 2191 1364 2233 eum

360 2279 444 2364 apud
462 2279 714 2358 clarendonam
737 2291 924 2364 ostensaque
938 2280 966 2344 ei
982 2287 1069 2345 carta
1091 2279 1174 2363 regis
1192 2279 1364 2357 AEdwardi,

359 2413 419 2475 que
441 2389 555 2456 liberas
580 2390 657 2456 facit
682 2397 780 2456 terras
806 2391 914 2456 Sancti
939 2390 1116 2455 AEdmundi
1142 2391 1180 2455 de
1215 2390 1364 2456 omnibus

358 2501 461 2586 geldis
485 2506 518 2566 et
541 2502 662 2581 scottis,
689 2501 827 2586 precepit
852 2525 906 2567 rex
931 2525 985 2586 per
1007 2501 1115 2566 literas
1141 2525 1223 2580 suas,
1248 2507 1285 2567 nt
1308 2523 1363 2566 sex

359 2611 476 2677 milites
500 2611 539 2676 de
562 2613 714 2678 comitatu
738 2613 777 2678 de
802 2611 992 2678 Norforcbia
1007 2617 1040 2677 et
1053 2634 1108 2677 sex
1130 2611 1169 2678 de
1187 2611 1364 2678 Sutfolehia

358 2729 632 2788 commonerentur
668 2723 707 2788 ad
745 2723 1031 2808 recognoscendum
1057 2745 1161 2787 coram
1191 2722 1362 2788 baronibus

358 2833 513 2912 scaccarii,
529 2840 637 2898 utrum
652 2833 793 2899 dominia
809 2833 919 2899 Sancti
934 2832 1111 2896 AEdmundi
1125 2833 1273 2898 deberent
1295 2855 1362 2898 esse

358 2942 464 3027 quieta
478 2943 517 3008 de
531 2943 692 3008 communi
708 2943 938 3024 misericordia3
962 2951 994 3009 et
1018 2943 1109 3010 electi
1134 2950 1211 3008 sunt
1233 2949 1361 3008 tantum

359 3075 414 3116 sex
441 3051 569 3130 milites,
585 3060 622 3115 ut
646 3052 691 3116 ita
717 3060 895 3136 parceretur
920 3054 1081 3119 laboribus
1104 3059 1137 3118 et
1161 3053 1315 3138 expensis,
1330 3057 1363 3118 et

359 3161 429 3226 ideo
443 3161 517 3245 quia
531 3161 712 3227 habuerunt
727 3169 825 3228 terras
849 3163 882 3228 iu
908 3169 1042 3249 utroque
1064 3165 1229 3244 comitatu,
1245 3165 1363 3228 scilieet

361 3271 526 3338 Hubertus
549 3271 587 3336 de
604 3272 791 3355 Briseword,
807 3275 861 3339 W.
878 3275 961 3339 lilius
978 3274 1106 3352 Hervei,
1122 3282 1155 3340 et
1170 3275 1362 3340 Willielmus

358 3384 397 3449 de
430 3382 657 3462 Franchevilla,
687 3390 721 3449 et
751 3392 815 3449 tres
846 3385 912 3464 alii,
934 3385 988 3470 qui
1024 3384 1202 3449 londonias
1236 3384 1363 3450 iverunt

359 3493 535 3572 nobiscum,
557 3500 590 3559 et
614 3516 652 3559 ex
678 3501 767 3579 parte
790 3495 922 3561 duorum
950 3495 1160 3560 comitatuum
1183 3495 1361 3561 libertatem

359 3604 485 3670 ecclesie
499 3611 604 3668 nostre
620 3612 879 3689 recognoverunt.
913 3606 933 3669 J
936 3605 1088 3670 usticiarii
1103 3613 1208 3670 autem
1224 3605 1362 3670 assiden-

359 3721 407 3778 tes
423 3714 655 3780 verumdictum
671 3714 797 3779 illorum
812 3715 1047 3781 inrollaverunt.

579 3969 673 4020 Ghron.
686 3973 741 4022 Joc.
753 3970 786 4021 de
801 3973 902 4022 Brakel.
914 3973 947 4025 47
961 3972 1083 4036 (camden
1097 3973 1174 4034 Soc).
