3286 5150
694 645 804 691 ussus
828 646 866 690 11.
1224 629 1286 692 251

284 803 317 862 et
347 820 450 862 comes
481 797 676 882 Andegaviae
708 797 846 862 Jordano
877 797 915 862 de
950 796 1111 876 Saniorde,
1145 797 1289 863 salutem.

286 907 434 992 Praeoipio
456 909 537 992 quod
557 909 642 992 juste
665 915 867 974 manutoneos
892 908 1039 973 abbatem
1065 913 1097 972 et
1120 909 1290 974 monachos

287 1019 489 1084 Glouoosiriae
506 1020 544 1084 de
567 1019 734 1085 elemosina
755 1043 825 1085 mes
844 1027 877 1084 st
894 1027 1123 1084 antecessorum
1148 1042 1288 1084 meorum

284 1129 323 1194 de
338 1130 569 1195 Cheleswortho
584 1153 678 1214 quam
697 1130 852 1196 Henrious
868 1154 921 1195 rex
936 1153 1013 1195 avus
1036 1153 1124 1195 meus
1146 1129 1190 1195 eis
1212 1152 1289 1194 oon-

284 1240 390 1304 firmat
405 1247 490 1304 carta
504 1264 570 1321 suo,
585 1264 643 1307 noe
658 1241 822 1327 permittas
836 1242 919 1327 quod
935 1241 1046 1326 aliquis
1070 1242 1113 1306 eis
1140 1241 1289 1326 injuriam

284 1337 389 1430 socios,
405 1351 456 1417 vol
471 1353 694 1418 contumeliam
709 1359 817 1418 eontra
836 1360 955 1418 cartam
981 1353 1063 1438 regis
1081 1352 1213 1416 Henrioi
1238 1352 1290 1417 avi

286 1463 347 1528 mei
376 1469 409 1528 ei
438 1471 545 1542 tuam5
568 1471 601 1530 et
631 1463 691 1528 nisi
720 1464 828 1529 feoe1is
854 1466 1024 1530 vicecomes
1054 1464 1092 1528 de
1119 1463 1291 1548 Wiliosyrs

285 1574 389 1640 sciat.
434 1576 525 1641 Teste
542 1577 681 1660 Symono
697 1575 761 1639 filio
778 1575 862 1639 Petri
878 1576 960 1659 apud
976 1573 1287 1659 Norihamptoniam.

434 2010 560 2092 [Assos
582 2029 648 2073 sss
671 2009 795 2072 Monss
816 2027 856 2072 os
880 2008 1136 2093 Gooocsssss.]¹

286 2142 353 2208 [The
365 2145 451 2208 king’s
459 2144 520 2194 writ
531 2144 661 2208 dirooting
671 2143 731 2192 ihst
743 2145 788 2192 tho
797 2144 877 2192 sbbot
888 2142 941 2191 sod
952 2143 1043 2192 monks
1054 2144 1084 2192 of
1093 2143 1245 2196 Glouooster
1256 2143 1288 2192 bo

536 2230 584 2288 put
595 2227 623 2274 in
635 2226 781 2288 possession
793 2225 823 2273 of
831 2225 930 2274 oertsin
942 2225 1033 2290 millo]

288 2331 469 2408 Hminem,
481 2351 535 2392 rex
552 2325 685 2411 Angliae,
695 2332 726 2390 ei
741 2326 805 2389 dux
816 2325 1022 2390 Normanniae
1037 2333 1070 2391 ot
1085 2326 1287 2411 Aquitanniae

285 2447 317 2504 et
332 2462 434 2504 oomes
450 2437 652 2522 Andogaviae‚
670 2439 714 2502 H.
730 2437 839 2502 comiti
855 2437 982 2501 Oestriae
997 2443 1029 2502 et
1044 2438 1094 2502 M.
1111 2437 1287 2520 comitissae,

285 2553 426 2616 salutem.
472 2549 619 2633 Praeoipio
635 2548 717 2633 quod
733 2548 799 2612 sine
825 2547 975 2613 dilatione
1001 2555 1033 2613 et
1055 2550 1139 2634 juste
1165 2550 1288 2616 facistis

284 2662 397 2727 habere
424 2661 530 2725 abbati
555 2666 587 2724 et
610 2659 771 2724 monachis
795 2659 833 2724 de
855 2658 1066 2724 Gloucostria¹
1081 2683 1158 2744 quos
1184 2684 1286 2726 comes

286 2771 444 2838 Ranulfus
479 2773 524 2836 eis
558 2771 644 2836 dedit
674 2770 707 2833 in
740 2769 926 2835 molendinis
957 2771 995 2835 do
1029 2769 1152 2856 Olneyo
1184 2778 1217 2835 et
1248 2773 1286 2836 de

285 2883 502 2962 Taddeswelle‚
518 2883 599 2947 siout
613 2889 699 2947 carta
714 2905 769 2946 sua
784 2889 927 2946 testatur.
973 2884 1017 2946 Et
1042 2882 1184 2966 displicet
1207 2884 1286 2947 mihi

285 2997 366 3082 quod
382 2998 439 3060 hoo
454 3019 515 3061 non
532 2994 659 3073 fecistis
674 2994 756 3058 siout
769 2993 899 3079 praeoepi
913 3016 968 3078 per
990 2993 1051 3058 aiis
1076 2993 1183 3059 brevia
1206 3017 1285 3060 mea.

286 3111 330 3172 lot
344 3107 404 3170 nisi
427 3105 572 3184 feceritis,
586 3105 756 3170 vicecomes
782 3128 870 3169 meus
893 3104 941 3168 vei
966 3103 1158 3189 justiciarius
1182 3105 1287 3185 faciat,

286 3243 325 3284 ne
340 3219 412 3283 indo
428 3219 593 3282 clamorem
610 3216 743 3301 amplius
758 3215 882 3280 audiam
898 3238 954 3300 pro
968 3215 1098 3300 penuria
1113 3216 1199 3282 recti.

319 3353 374 3401 The
385 3353 445 3400 wn't
457 3365 568 3414 appears
580 3355 608 3400 io
617 3351 684 3400 hove
695 3352 761 3400 boon
773 3351 921 3415 disoboyed.
956 3351 1004 3401 Sos
1015 3352 1060 3402 the
1072 3352 1204 3416 following
1215 3353 1284 3403 writ.

635 3735 742 3820 [Sisi
759 3736 942 3820 Pisilis?

696 3871 783 3934 [Atos
796 3870 878 3937 mis]

290 3987 472 4065 Homolio,
502 3986 566 4049 dux
595 3986 800 4049 Normanniae
830 3993 863 4051 et
891 3985 1093 4071 Aquitanniae
1122 3990 1154 4050 et
1184 4006 1287 4048 eomes

320 4123 327 4154 ¹
347 4123 361 4170 1
374 4122 468 4171 chron.
480 4121 548 4168 Mon.
562 4120 650 4170 Glouo.
662 4123 709 4168 241
723 4121 793 4185 (Reo.
805 4120 896 4185 Com).

319 4200 388 4248 ’An
411 4199 516 4248 evidens
537 4199 659 4248 omission
682 4199 749 4248 horo.
785 4199 839 4248 Tho
861 4204 924 4249 next
946 4201 1005 4249 wrii
1025 4201 1095 4262 infra
1119 4198 1206 4248 shows
1227 4197 1287 4247 thas

288 4280 301 4303 “
309 4275 468 4326 molendinos
476 4273 490 4297 '⁹
502 4275 524 4323 is
536 4275 581 4322 tho
591 4272 700 4322 omitted
712 4275 791 4322 word.

320 4356 330 4388 ³
350 4357 362 4402 1
376 4355 470 4404 chron.
486 4354 552 4402 Mon.
567 4349 901 4416 Glono.241(Roc.Com.).
