3280 5132
350 609 389 670 16
595 627 729 674 rancrm
752 627 1100 673 suaso-nonuaumcs.

346 780 396 844 vel
412 784 614 865 potestatem,
624 785 776 860 exerceat,
787 780 851 859 sed,
864 781 947 844 sicut
961 802 1031 844 mea
1046 779 1206 847 dominica
1221 781 1351 865 capella,

345 890 444 956 libera
459 891 502 956 sit
517 891 646 956 omnino
661 890 702 955 ab
716 889 804 955 omni
818 890 886 974 ejus
901 890 1072 956 exactione
1124 892 1177 956 Ad
1192 893 1351 976 synodum

345 1023 420 1066 vero
445 999 542 1066 abbas
560 1000 606 1064 ire
629 1022 692 1065 non
717 999 949 1064 summoniatur
969 1022 1026 1065 nec
1048 1001 1266 1086 compellatur,
1288 1001 1351 1067 nisi

345 1111 471 1197 propria
485 1111 649 1177 voluntate
671 1135 728 1196 pro
751 1110 855 1196 aliquo
877 1111 1006 1196 negotio
1027 1112 1072 1176 ire
1087 1112 1234 1178 voluerit.
1280 1114 1350 1178 Nec

345 1224 516 1288 monachos
535 1247 618 1304 suos,
639 1223 695 1288 ubi
717 1222 778 1287 sibi
799 1222 1007 1308 opportunius
1029 1222 1156 1303 viderit,
1175 1223 1216 1287 ad
1246 1246 1350 1289 sacros

344 1334 470 1400 ordines
495 1335 672 1420 promoveri
702 1334 803 1399 facere
832 1333 1045 1418 prohibeatur.
1102 1334 1172 1398 Nec
1201 1333 1350 1398 altarium
1376 1333 1390 1356 ⁸

344 1445 544 1524 sacrationes,
574 1445 837 1524 confirmationes,
867 1444 918 1510 vel
958 1444 1116 1529 quaslibet
1159 1445 1349 1531 episcopales

343 1557 586 1636 benedictiones,
612 1557 736 1622 abbatis
766 1556 818 1621 vel
846 1557 1070 1621 monachorum
1104 1556 1350 1642 requisitiones

344 1668 485 1753 quolibet
511 1669 654 1756 episcopo
669 1667 786 1734 ibidem
809 1667 907 1733 libere
929 1667 1007 1746 fieri,
1029 1667 1068 1732 ab
1092 1668 1199 1753 aliquo
1223 1678 1348 1733 contra-

343 1779 476 1846 dicatur.
523 1780 594 1845 Hoc
609 1779 707 1860 etiam
733 1778 833 1864 regali
854 1779 1053 1858 auctoritate,
1067 1786 1101 1844 et
1122 1779 1347 1866 episcoporum,

342 1913 379 1955 ac
402 1891 555 1956 baronum
580 1915 721 1958 meorum
750 1891 965 1970 attestatione,
992 1891 1164 1971 constituo,
1192 1898 1347 1977 quatenus

342 2000 438 2065 abbas
464 2000 599 2067 eeclesiae
624 2024 696 2075 sua,
718 2005 754 2065 et
773 2000 874 2086 leuga
897 2000 1148 2084 circumjacentis
1169 2003 1346 2087 peremnia

337 2110 438 2195 judex
469 2112 523 2192 sit,
547 2117 581 2178 et
611 2112 769 2177 dominus.
814 2111 974 2176 Defuncto
1010 2110 1135 2191 abbate,
1165 2112 1204 2177 de
1236 2113 1345 2178 eadem

340 2222 478 2303 ecclesia,
503 2223 599 2288 abbas
620 2223 768 2309 eligatur,
788 2221 851 2287 uisi
871 2223 954 2287 forte
979 2221 1075 2307 (quod
1098 2223 1193 2306 absit)
1227 2223 1345 2289 ibidem

340 2335 451 2400 idonea
464 2358 596 2419 persona
610 2335 738 2420 reperiri
753 2357 818 2399 non
833 2333 942 2418 possit.
972 2335 1066 2399 Hanc
1082 2335 1343 2400 constitutionem

340 2470 453 2527 meam,
469 2447 514 2513 sic
532 2452 608 2512 voto
623 2454 656 2513 et
671 2447 769 2532 regali
785 2445 974 2511 auctoritate
993 2445 1222 2525 confirmatam,
1237 2445 1344 2510 nullus

330 2581 553 2640 ¹successorum
576 2581 716 2624 meorum
739 2557 866 2636 violare,
886 2555 937 2621 vel
952 2555 1139 2620 imminuere
1154 2562 1339 2640 prasumat.

340 2668 530 2752 Quicunque
544 2667 762 2752 igiturcontra
775 2667 937 2732 libertates
948 2665 999 2732 vel
1013 2665 1188 2750 dignitates
1202 2666 1342 2750 ejusdem

338 2779 473 2844 ecclesiae
505 2778 623 2858 fecerit,
661 2778 866 2843 forisfactura
895 2777 991 2862 regiae
1020 2799 1140 2843 coronae
1169 2776 1340 2861 subjaceat.

341 2889 447 2973 Hujus
469 2889 513 2954 rei
536 2893 632 2954 testes
654 2895 739 2966 sunt,
757 2889 955 2954 Lanfrancus
976 2887 1227 2972 archiepiscopus
1257 2889 1341 2953 Can·

337 3000 515 3078 tuariensie,
538 2999 713 3084 stigandus
730 2999 933 3064 cicestrensis
948 2999 1120 3083 episcopus,
1137 2999 1340 3066 Wallrelinus

336 3111 498 3196 episcopus
521 3111 762 3190 Wintoniensis,
785 3110 973 3175 Wulstanus
996 3110 1230 3194 wigorniensis
1257 3111 1339 3196 epis·

336 3246 442 3308 copus.
486 3221 551 3288 Qui
577 3244 696 3302 ornnes,
722 3242 773 3287 me
796 3227 960 3305 prasente,
985 3226 1018 3287 et
1043 3221 1202 3301 audiente,
1226 3222 1339 3287 horum

336 3338 563 3420 praeceptorum
583 3355 723 3397 meorum
745 3338 778 3398 et
799 3332 1064 3398 constitutionum
1079 3332 1246 3398 violatores
1268 3355 1338 3418 per·

335 3451 431 3533 petuo
445 3445 645 3510 anathemate
667 3443 905 3510 damnaverunt.
948 3443 1045 3527 Apud
1061 3443 1206 3509 Winton.

334 3956 472 4038 [Brsnon
487 3955 672 4021 Wnnrsmu
689 3978 719 4022 v.
735 3957 849 4021 Assos
863 3952 1021 4018 Wnnrnn.
1066 3954 1182 4017 Annus
1205 3951 1335 4032 1077r]¹

336 4107 447 4173 [Bishop
463 4107 594 4156 wulfstan
616 4109 707 4158 claime
729 4108 776 4158 the
797 4108 869 4169 right
891 4109 919 4154 to
941 4105 1046 4154 various
1069 4104 1182 4153 services
1205 4103 1236 4152 of
1254 4103 1335 4152 abbat

401 4185 505 4245 Walter,
517 4184 602 4234 which
613 4199 658 4234 are
674 4183 780 4234 refused
797 4185 833 4248 by
849 4182 910 4230 hina
945 4182 987 4228 An
1004 4181 1135 4243 assembly
1152 4179 1182 4228 of
1191 4181 1335 4229 “enunties

557 4365 565 4399 ¹
585 4361 709 4424 Thorpe’s
721 4361 789 4424 Dipl.
802 4361 858 4408 410.
893 4359 942 4407 See
954 4357 1099 4421 Appendix.
