3280 5132
685 677 828 722 wmnmu
852 681 873 723 1.
1240 661 1277 722 17

342 823 394 873 and
411 824 522 877 baruns”
542 828 619 892 being
637 830 697 878 held
714 831 801 880 before
823 832 868 880 the
888 833 973 895 king's
997 833 1127 896 justicias,
1151 831 1278 893 Geoffroy,

342 902 435 966 bishop
446 905 477 952 of
489 905 639 964 Contanoes,
652 906 697 956 the
708 907 827 970 plnintirr
834 909 963 958 adranoss
974 909 1016 958 his
1028 910 1105 959 claim
1117 909 1222 971 against
1233 909 1279 956 tho

342 980 430 1040 abbot,
442 982 494 1030 and
510 983 556 1032 the
572 984 652 1032 abbot
670 983 759 1034 denies
775 985 806 1032 it.
839 985 894 1034 Tho
910 986 1026 1048 plaintiff
1040 1001 1098 1035 now
1119 985 1211 1034 claime
1233 984 1279 1032 the

341 1056 414 1117 right
425 1061 453 1106 to
463 1058 514 1106 call
525 1059 593 1122 legal
604 1060 740 1110 witnesses
751 1061 810 1110 who
821 1062 872 1110 had
884 1077 946 1111 seen
954 1064 1007 1111 and
1018 1062 1163 1125 performed
1174 1062 1218 1110 the
1227 1075 1278 1110 ser-

341 1134 412 1182 vioss
429 1135 456 1183 in
475 1135 520 1184 tha
531 1137 595 1186 time
606 1137 636 1186 of
653 1138 764 1186 Edward
774 1139 820 1187 the
832 1139 977 1188 Gonsessor.
1011 1140 1038 1189 It
1049 1155 1102 1189 was
1113 1139 1280 1201 accordingly

341 1211 501 1261 determined
513 1213 572 1263 that
583 1215 629 1263 tho
640 1215 756 1278 plaintiff
763 1216 856 1264 should
866 1231 943 1266 name
954 1217 996 1266 his
1008 1218 1144 1267 witnesses
1156 1217 1209 1265 and
1219 1231 1279 1279 pro·

341 1288 406 1338 duos
428 1291 500 1339 them
521 1307 589 1354 upon
607 1307 624 1340 a
642 1292 695 1356 day
712 1293 808 1353 stated,
826 1295 878 1342 and
896 1295 955 1343 that
973 1295 1020 1344 the
1042 1295 1129 1354 abbot,
1146 1295 1206 1343 who
1227 1294 1279 1343 had

340 1367 397 1415 said
407 1366 441 1416 he
451 1368 504 1417 had
515 1385 549 1418 no
560 1371 704 1430 witnessas,
717 1371 811 1420 should
817 1371 895 1436 bring
905 1388 958 1436 any
969 1373 1043 1422 relies
1054 1373 1086 1422 he
1094 1373 1169 1422 could
1181 1372 1278 1421 obtain.

340 1444 394 1492 The
405 1445 542 1507 plaintid's
552 1447 688 1497 witnesses
698 1462 796 1510 appear
808 1451 838 1496 at
853 1449 898 1498 the
910 1450 974 1498 time
994 1449 1045 1512 (set
1062 1450 1098 1513 by
1109 1449 1170 1498 writ
1190 1449 1219 1497 of
1232 1447 1278 1497 the

337 1521 478 1586 justiciar),
489 1525 616 1586 prepared
628 1529 656 1574 to
667 1526 744 1574 make
755 1526 800 1574 the
811 1541 906 1588 proper
923 1526 993 1585 osth,
1005 1527 1056 1576 and
1076 1527 1122 1576 the
1139 1526 1279 1575 defendant

340 1614 451 1662 appears
471 1602 535 1650 with
552 1603 595 1650 the
606 1603 683 1651 relies
695 1603 725 1650 of
739 1603 778 1651 St.
792 1603 899 1666 Egeria,
917 1604 965 1652 but
977 1605 1011 1667 by
1022 1604 1112 1654 advice
1123 1605 1153 1654 os
1169 1603 1278 1662 ffiends,

340 1677 386 1726 the
397 1677 538 1729 defendant
549 1679 680 1729 consessas
687 1679 851 1744 augment]

279 1842 351 1906 Hac
374 1843 628 1908 commemoratio
656 1843 777 1927 placiti,
801 1845 885 1928 quod
914 1844 977 1908 fuit
1007 1845 1090 1909 inter
1119 1843 1175 1911 W.
1196 1843 1275 1929 epis·

276 1975 391 2038 copum
403 1959 436 2018 et
446 1954 625 2018 Waltcrum
637 1954 784 2019 abbatem
794 1954 832 2018 de
842 1946 1016 2020 Eovesham
1031 1983 1038 2020 :
1055 1955 1115 2019 hoc
1124 1959 1183 2033 est,
1194 1953 1277 2039 quod

277 2063 342 2148 ipsa
357 2063 519 2148 episcopus
534 2063 725 2129 reclamabat
746 2087 841 2149 super
862 2065 967 2149 ipsum
990 2065 1138 2129 abbatem
1161 2085 1277 2141 sacam,

277 2181 310 2236 et
325 2195 439 2252 socam,
454 2181 486 2238 et
502 2174 705 2257 sepulturam,
721 2181 753 2239 et
765 2175 923 2258 circsceat,
942 2181 974 2239 et
997 2174 1229 2259 requisitiones,
1245 2178 1278 2238 et

277 2305 386 2348 omnes
410 2283 650 2348 consuetudines
676 2284 832 2348 faciendas
856 2285 990 2350 ecclesia
1006 2284 1223 2369 Wigorniensi
1243 2284 1277 2347 in

278 2394 438 2459 hundredo
460 2394 499 2459 de
522 2394 771 2474 Oswaldeslawe,
794 2401 827 2460 et
849 2396 979 2480 geldam
1002 2394 1098 2479 regis.
1122 2401 1156 2460 et
1178 2396 1276 2460 servi-

277 2506 370 2585 tium,
380 2512 413 2571 et
427 2505 640 2590 expeditiones
655 2506 687 2570 in
704 2513 787 2571 terra
801 2514 834 2572 et
850 2507 882 2571 in
899 2507 989 2586 mari,
999 2507 1038 2572 de
1050 2505 1124 2572 XV.
1140 2505 1224 2570 hidis
1239 2506 1278 2571 de

278 2617 440 2696 Hantona,
471 2624 503 2682 et
541 2618 579 2682 de
609 2617 695 2682 IIII.
726 2617 809 2682 hidis
838 2619 877 2682 de
907 2618 1170 2702 Benningewrde,
1199 2639 1277 2702 quas
1387 2645 1393 2656 ·

274 2729 408 2793 debebat
437 2728 533 2794 abbas
563 2734 669 2794 tencre
698 2727 736 2792 de
774 2728 929 2812 episcopo,
959 2729 1042 2793 sicut
1072 2729 1127 2792 alii
1156 2728 1277 2793 feudati

276 2839 409 2904 ecclesias
433 2839 472 2903 ad
496 2861 589 2904 omne
612 2837 755 2903 debitum
780 2839 946 2904 servitium
973 2840 1059 2924 regis
1084 2846 1117 2904 et
1140 2838 1276 2923 episcopi

274 2949 370 3014 libere
395 2956 515 3015 tenent.
561 2950 692 3014 Dehas
719 2971 750 3014 re
775 2948 838 3013 fuit
861 2972 980 3034 magna
1005 2950 1165 3014 contentio
1194 2950 1278 3016 inter
1309 2943 1316 2956 ’

273 3061 452 3146 episcopum
468 3068 500 3127 et
514 3061 672 3140 abbatem,
684 3060 738 3145 qui
748 3059 845 3125 abbas
860 3060 914 3124 diu
930 3060 1077 3124 resistens
1089 3060 1206 3145 injuste
1217 3061 1277 3126 hoc

274 3172 471 3238 defendebat.
518 3173 569 3237 Ad
587 3173 739 3237 ultimum
761 3178 870 3236 tamen
885 3172 953 3238 hac
967 3195 1062 3236 causa
1076 3172 1229 3237 ventilata
1243 3179 1276 3238 et

273 3284 413 3348 discussa
427 3283 490 3347 fuit
511 3305 566 3366 per
580 3282 753 3367 justitiam,
777 3287 810 3345 et
831 3280 925 3346 breve
946 3288 980 3346 et
994 3287 1176 3366 preceptum
1192 3281 1276 3366 regis

275 3395 428 3460 Willelmi
444 3393 586 3473 senioris,
595 3393 679 3478 quod
689 3392 779 3456 misit
792 3391 831 3456 de
844 3391 1053 3470 Normannia,
1068 3391 1102 3455 in
1117 3393 1276 3476 presentia

276 3505 416 3570 Gosfridi
441 3503 692 3570 constantiensis
713 3501 860 3587 episcopi,
875 3503 927 3567 cui
949 3525 1005 3568 rex
1020 3503 1223 3567 mandaverat
1238 3511 1276 3567 ut

274 3619 438 3682 interesset
453 3615 594 3699 predicto
609 3613 735 3698 placito,
747 3621 780 3680 et
796 3616 910 3680 faceret
925 3614 1099 3679 discernere
1108 3613 1274 3678 veritatem

275 3729 357 3793 inter
372 3727 553 3810 episcopum
563 3731 597 3789 et
607 3724 764 3804 abbatem,
776 3734 809 3790 et
820 3725 886 3790 fieri
898 3725 1023 3809 plenam
1040 3722 1273 3790 rectitudinem.
1381 3792 1386 3802 ,

274 3841 417 3905 Ventum
443 3843 491 3900 est
513 3836 545 3899 in
568 3857 705 3900 causam.
751 3836 934 3899 Conventus
956 3856 1093 3917 magnus
1108 3833 1211 3898 factus
1225 3840 1275 3900 est

272 3954 307 4017 in
322 3951 365 4014 W
367 3950 515 4014 irecestra
536 3946 713 4012 vicinorum
734 3945 945 4010 comitatuum
967 3951 1000 4010 et
1021 3944 1176 4010 baronum
1198 3953 1273 4012 antc

274 4061 458 4129 Gosfridum
494 4059 684 4143 episcopum.
738 4056 888 4122 Discussa
922 4061 971 4120 est
1007 4078 1074 4134 rcs;
1112 4057 1197 4122 facts
1225 4066 1274 4124 est

275 4173 454 4259 supradicta
468 4169 648 4236 reclamatio
657 4169 710 4232 W.
725 4167 862 4251 episcopi
877 4189 971 4251 super
984 4166 1141 4232 abbatem.
1164 4169 1274 4234 Abbas

275 4289 355 4351 hanc
370 4281 521 4360 defendit,
536 4279 699 4364 episcopus
710 4277 872 4363 legitimos
888 4281 982 4342 testes
992 4277 1065 4342 inde
1080 4278 1274 4360 reclamavit,

276 4397 329 4482 qui
355 4402 494 4478 tempore
520 4391 604 4475 regis
635 4387 782 4454 Edwardi
811 4387 870 4452 hoc
898 4387 1054 4466 viderant,
1078 4393 1109 4451 et
1136 4387 1274 4472 predicta

1127 4517 1145 4562 c
