<?xml version="1.0" encoding="UTF-8"?>
<!DOCTYPE html PUBLIC "-//W3C//DTD XHTML 1.0 Transitional//EN"
    "http://www.w3.org/TR/xhtml1/DTD/xhtml1-transitional.dtd">
<html xmlns="http://www.w3.org/1999/xhtml" xml:lang="en" lang="en">
 <head>
  <title>
</title>
<meta http-equiv="Content-Type" content="text/html;charset=utf-8" />
  <meta name='ocr-system' content='tesseract 3.04.00' />
  <meta name='ocr-capabilities' content='ocr_page ocr_carea ocr_par ocr_line ocrx_word'/>
</head>
<body>
  <div class='ocr_page' id='page_1' title='image "./placitaanglonor01bigegoog_0198.png"; bbox 0 0 3286 5142; ppageno 0'>
   <div class='ocr_carea' id='block_1_1' title="bbox 699 683 1266 760">
    <p class='ocr_par' dir='ltr' id='par_1_1' title="bbox 699 683 1266 760">
     <span class='ocr_line' id='line_1_1' title="bbox 699 683 1266 760; baseline -0.002 -14"><span class='ocrx_word' id='word_1_1' title='bbox 699 703 808 748; x_wconf 79' lang='lat' dir='ltr'>nuunr</span> <span class='ocrx_word' id='word_1_2' title='bbox 829 703 853 760; x_wconf 71' lang='grc'>,1.</span> <span class='ocrx_word' id='word_1_3' title='bbox 1208 683 1266 746; x_wconf 85' lang='grc'>131</span> 
     </span>
    </p>
   </div>
   <div class='ocr_carea' id='block_1_2' title="bbox 326 855 1211 939">
    <p class='ocr_par' dir='ltr' id='par_1_2' title="bbox 326 855 1211 939">
     <span class='ocr_line' id='line_1_2' title="bbox 326 855 1211 939; baseline 0.001 -21"><span class='ocrx_word' id='word_1_4' title='bbox 326 856 451 939; x_wconf 73' lang='lat' dir='ltr'>[Aaron</span> <span class='ocrx_word' id='word_1_5' title='bbox 476 857 630 920; x_wconf 75' lang='lat' dir='ltr'>Firurrus</span> <span class='ocrx_word' id='word_1_6' title='bbox 651 878 679 920; x_wconf 87' lang='lat' dir='ltr'>o.</span> <span class='ocrx_word' id='word_1_7' title='bbox 702 857 861 934; x_wconf 80' lang='lat' dir='ltr'>Eerawnr,</span> <span class='ocrx_word' id='word_1_8' title='bbox 886 857 954 920; x_wconf 79' lang='lat' dir='ltr'>Sor</span> <span class='ocrx_word' id='word_1_9' title='bbox 976 875 1016 920; x_wconf 87' lang='lat' dir='ltr'>or</span> <span class='ocrx_word' id='word_1_10' title='bbox 1038 855 1211 939; x_wconf 85' lang='lat' dir='ltr'>Gonnre.]¹</span> 
     </span>
    </p>
   </div>
   <div class='ocr_carea' id='block_1_3' title="bbox 268 1013 1265 1166">
    <p class='ocr_par' dir='ltr' id='par_1_3' title="bbox 268 1013 1265 1166">
     <span class='ocr_line' id='line_1_3' title="bbox 268 1013 1265 1080; baseline 0 -16"><span class='ocrx_word' id='word_1_11' title='bbox 268 1013 337 1079; x_wconf 82' lang='lat' dir='ltr'>[The</span> <span class='ocrx_word' id='word_1_12' title='bbox 347 1016 464 1078; x_wconf 78' lang='lat' dir='ltr'>plaintiff</span> <span class='ocrx_word' id='word_1_13' title='bbox 476 1031 594 1066; x_wconf 81' lang='lat' dir='ltr'>reoovera</span> <span class='ocrx_word' id='word_1_14' title='bbox 609 1016 749 1080; x_wconf 77' lang='lat' dir='ltr'>jndgment</span> <span class='ocrx_word' id='word_1_15' title='bbox 760 1018 788 1066; x_wconf 89' lang='lat' dir='ltr'>in</span> <span class='ocrx_word' id='word_1_16' title='bbox 799 1018 839 1065; x_wconf 83' lang='lat' dir='ltr'>hia</span> <span class='ocrx_word' id='word_1_17' title='bbox 852 1031 910 1066; x_wconf 83' lang='lat' dir='ltr'>own</span> <span class='ocrx_word' id='word_1_18' title='bbox 921 1019 997 1067; x_wconf 86' lang='lat' dir='ltr'>oonrt</span> <span class='ocrx_word' id='word_1_19' title='bbox 1008 1017 1035 1064; x_wconf 92' lang='lat' dir='ltr'>in</span> <span class='ocrx_word' id='word_1_20' title='bbox 1047 1019 1150 1079; x_wconf 83' lang='lat' dir='ltr'>reapaot</span> <span class='ocrx_word' id='word_1_21' title='bbox 1161 1015 1189 1065; x_wconf 79' lang='lat' dir='ltr'>ot</span> <span class='ocrx_word' id='word_1_22' title='bbox 1204 1015 1265 1064; x_wconf 88' lang='lat' dir='ltr'>land</span> 
     </span>
     <span class='ocr_line' id='line_1_4' title="bbox 363 1091 1168 1166; baseline -0.001 -24"><span class='ocrx_word' id='word_1_23' title='bbox 363 1094 394 1142; x_wconf 81' lang='lat' dir='ltr'>of</span> <span class='ocrx_word' id='word_1_24' title='bbox 400 1095 486 1144; x_wconf 80' lang='lat' dir='ltr'>which</span> <span class='ocrx_word' id='word_1_25' title='bbox 497 1095 542 1143; x_wconf 85' lang='lat' dir='ltr'>the</span> <span class='ocrx_word' id='word_1_26' title='bbox 553 1094 693 1166; x_wconf 76' lang='lat' dir='ltr'>defendant</span> <span class='ocrx_word' id='word_1_27' title='bbox 704 1095 756 1143; x_wconf 79' lang='lat' dir='ltr'>had</span> <span class='ocrx_word' id='word_1_28' title='bbox 767 1094 946 1158; x_wconf 79' lang='lat' dir='ltr'>iraudulently</span> <span class='ocrx_word' id='word_1_29' title='bbox 956 1093 1080 1142; x_wconf 78' lang='lat' dir='ltr'>disaeieed</span> <span class='ocrx_word' id='word_1_30' title='bbox 1091 1091 1168 1157; x_wconf 73' lang='lat' dir='ltr'>him]</span> 
     </span>
    </p>
   </div>
   <div class='ocr_carea' id='block_1_4' title="bbox 263 1230 1266 2424">
    <p class='ocr_par' dir='ltr' id='par_1_4' title="bbox 263 1230 1266 2424">
     <span class='ocr_line' id='line_1_5' title="bbox 266 1230 1266 1318; baseline -0.001 -22"><span class='ocrx_word' id='word_1_31' title='bbox 266 1233 455 1296; x_wconf 78' lang='lat' dir='ltr'>Eernu&#39;ruus</span> <span class='ocrx_word' id='word_1_32' title='bbox 478 1232 563 1296; x_wconf 86' lang='lat' dir='ltr'>filius</span> <span class='ocrx_word' id='word_1_33' title='bbox 588 1232 715 1298; x_wconf 87' lang='lat' dir='ltr'>Godriei</span> <span class='ocrx_word' id='word_1_34' title='bbox 736 1233 776 1298; x_wconf 83' lang='lat' dir='ltr'>de</span> <span class='ocrx_word' id='word_1_35' title='bbox 799 1233 1008 1318; x_wconf 83' lang='lat' dir='ltr'>Oelvesgrave</span> <span class='ocrx_word' id='word_1_36' title='bbox 1030 1231 1144 1296; x_wconf 81' lang='lat' dir='ltr'>celavit</span> <span class='ocrx_word' id='word_1_37' title='bbox 1159 1230 1266 1296; x_wconf 87' lang='lat' dir='ltr'>abbati</span> 
     </span>
     <span class='ocr_line' id='line_1_6' title="bbox 267 1342 1266 1428; baseline -0.001 -21"><span class='ocrx_word' id='word_1_38' title='bbox 267 1343 383 1408; x_wconf 84' lang='lat' dir='ltr'>Faritio</span> <span class='ocrx_word' id='word_1_39' title='bbox 399 1349 553 1428; x_wconf 90' lang='lat' dir='ltr'>quantum</span> <span class='ocrx_word' id='word_1_40' title='bbox 576 1349 667 1408; x_wconf 78' lang='lat' dir='ltr'>terroe</span> <span class='ocrx_word' id='word_1_41' title='bbox 689 1344 834 1408; x_wconf 86' lang='lat' dir='ltr'>habebat.</span> <span class='ocrx_word' id='word_1_42' title='bbox 880 1344 1015 1410; x_wconf 78' lang='lat' dir='ltr'>Dicebat</span> <span class='ocrx_word' id='word_1_43' title='bbox 1037 1343 1122 1409; x_wconf 88' lang='lat' dir='ltr'>enim</span> <span class='ocrx_word' id='word_1_44' title='bbox 1138 1342 1266 1407; x_wconf 88' lang='lat' dir='ltr'>nonnisi</span> 
     </span>
     <span class='ocr_line' id='line_1_7' title="bbox 268 1452 1266 1539; baseline 0.001 -23"><span class='ocrx_word' id='word_1_45' title='bbox 268 1453 348 1518; x_wconf 88' lang='lat' dir='ltr'><strong>XII.</strong></span> <span class='ocrx_word' id='word_1_46' title='bbox 363 1476 450 1518; x_wconf 83' lang='lat' dir='ltr'>aeras</span> <span class='ocrx_word' id='word_1_47' title='bbox 463 1454 499 1517; x_wconf 92' lang='lat' dir='ltr'>in</span> <span class='ocrx_word' id='word_1_48' title='bbox 514 1477 625 1539; x_wconf 88' lang='lat' dir='ltr'>eampo</span> <span class='ocrx_word' id='word_1_49' title='bbox 648 1475 681 1518; x_wconf 84' lang='lat' dir='ltr'>se</span> <span class='ocrx_word' id='word_1_50' title='bbox 704 1454 827 1533; x_wconf 86' lang='lat' dir='ltr'>habere,</span> <span class='ocrx_word' id='word_1_51' title='bbox 842 1455 926 1519; x_wconf 84' lang='lat' dir='ltr'>sieut</span> <span class='ocrx_word' id='word_1_52' title='bbox 951 1455 981 1519; x_wconf 90' lang='lat' dir='ltr'>ei</span> <span class='ocrx_word' id='word_1_53' title='bbox 1003 1454 1038 1518; x_wconf 91' lang='lat' dir='ltr'>in</span> <span class='ocrx_word' id='word_1_54' title='bbox 1060 1452 1266 1518; x_wconf 83' lang='lat' dir='ltr'>conventione</span> 
     </span>
     <span class='ocr_line' id='line_1_8' title="bbox 265 1564 1266 1650; baseline 0 -22"><span class='ocrx_word' id='word_1_55' title='bbox 265 1564 384 1628; x_wconf 81' lang='lat' dir='ltr'>suetum</span> <span class='ocrx_word' id='word_1_56' title='bbox 396 1565 500 1630; x_wconf 81' lang='lat' dir='ltr'>fuerat</span> <span class='ocrx_word' id='word_1_57' title='bbox 514 1565 547 1628; x_wconf 90' lang='lat' dir='ltr'>in</span> <span class='ocrx_word' id='word_1_58' title='bbox 563 1565 701 1649; x_wconf 85' lang='lat' dir='ltr'>capitulo</span> <span class='ocrx_word' id='word_1_59' title='bbox 716 1565 953 1630; x_wconf 79' lang='lat' dir='ltr'>monachornm.</span> <span class='ocrx_word' id='word_1_60' title='bbox 1000 1565 1063 1630; x_wconf 83' lang='lat' dir='ltr'>Sed</span> <span class='ocrx_word' id='word_1_61' title='bbox 1077 1565 1143 1650; x_wconf 85' lang='lat' dir='ltr'>ipse</span> <span class='ocrx_word' id='word_1_62' title='bbox 1158 1564 1266 1643; x_wconf 86' lang='lat' dir='ltr'>abbas,</span> 
     </span>
     <span class='ocr_line' id='line_1_9' title="bbox 264 1674 1265 1760; baseline 0.001 -22"><span class='ocrx_word' id='word_1_63' title='bbox 264 1676 469 1760; x_wconf 77' lang='lat' dir='ltr'>inquisitione</span> <span class='ocrx_word' id='word_1_64' title='bbox 499 1682 586 1741; x_wconf 82' lang='lat' dir='ltr'>certa</span> <span class='ocrx_word' id='word_1_65' title='bbox 611 1676 649 1740; x_wconf 89' lang='lat' dir='ltr'>de</span> <span class='ocrx_word' id='word_1_66' title='bbox 664 1674 722 1740; x_wconf 90' lang='lat' dir='ltr'>hoo</span> <span class='ocrx_word' id='word_1_67' title='bbox 738 1675 831 1754; x_wconf 85' lang='lat' dir='ltr'>faeta,</span> <span class='ocrx_word' id='word_1_68' title='bbox 852 1676 977 1740; x_wconf 90' lang='lat' dir='ltr'>invenit</span> <span class='ocrx_word' id='word_1_69' title='bbox 1004 1677 1096 1740; x_wconf 87' lang='lat' dir='ltr'>aliter</span> <span class='ocrx_word' id='word_1_70' title='bbox 1121 1675 1206 1740; x_wconf 82' lang='lat' dir='ltr'>istud</span> <span class='ocrx_word' id='word_1_71' title='bbox 1232 1697 1265 1739; x_wconf 86' lang='lat' dir='ltr'>se</span> 
     </span>
     <span class='ocr_line' id='line_1_10' title="bbox 264 1785 1262 1872; baseline 0.001 -22"><span class='ocrx_word' id='word_1_72' title='bbox 264 1787 388 1865; x_wconf 88' lang='lat' dir='ltr'>babere,</span> <span class='ocrx_word' id='word_1_73' title='bbox 404 1794 437 1851; x_wconf 88' lang='lat' dir='ltr'>et</span> <span class='ocrx_word' id='word_1_74' title='bbox 452 1787 551 1851; x_wconf 84' lang='lat' dir='ltr'>multo</span> <span class='ocrx_word' id='word_1_75' title='bbox 566 1787 701 1872; x_wconf 86' lang='lat' dir='ltr'>amplius</span> <span class='ocrx_word' id='word_1_76' title='bbox 715 1794 806 1851; x_wconf 82' lang='lat' dir='ltr'>terrae</span> <span class='ocrx_word' id='word_1_77' title='bbox 820 1787 910 1850; x_wconf 91' lang='lat' dir='ltr'>illum</span> <span class='ocrx_word' id='word_1_78' title='bbox 926 1810 998 1851; x_wconf 85' lang='lat' dir='ltr'>eum</span> <span class='ocrx_word' id='word_1_79' title='bbox 1013 1785 1168 1872; x_wconf 63' lang='lat' dir='ltr'>praedietis</span> <span class='ocrx_word' id='word_1_80' title='bbox 1180 1786 1262 1851; x_wconf 90' lang='lat' dir='ltr'>XII.</span> 
     </span>
     <span class='ocr_line' id='line_1_11' title="bbox 264 1896 1262 1981; baseline 0 -21"><span class='ocrx_word' id='word_1_81' title='bbox 264 1898 343 1962; x_wconf 83' lang='lat' dir='ltr'>auris</span> <span class='ocrx_word' id='word_1_82' title='bbox 365 1899 503 1962; x_wconf 83' lang='lat' dir='ltr'>tenuisse</span> <span class='ocrx_word' id='word_1_83' title='bbox 511 1926 521 1977; x_wconf 85' lang='lat'>;</span> <span class='ocrx_word' id='word_1_84' title='bbox 543 1898 627 1962; x_wconf 92' lang='lat' dir='ltr'>unde</span> <span class='ocrx_word' id='word_1_85' title='bbox 642 1897 820 1981; x_wconf 82' lang='lat' dir='ltr'>judicatum</span> <span class='ocrx_word' id='word_1_86' title='bbox 836 1905 885 1962; x_wconf 85' lang='lat' dir='ltr'>eet</span> <span class='ocrx_word' id='word_1_87' title='bbox 899 1921 955 1981; x_wconf 94' lang='lat' dir='ltr'>pro</span> <span class='ocrx_word' id='word_1_88' title='bbox 970 1899 1029 1962; x_wconf 90' lang='lat' dir='ltr'>hoo</span> <span class='ocrx_word' id='word_1_89' title='bbox 1046 1896 1262 1975; x_wconf 65' lang='lat' dir='ltr'>forisfactum</span> 
     </span>
     <span class='ocr_line' id='line_1_12' title="bbox 264 2007 1263 2092; baseline -0.003 -19"><span class='ocrx_word' id='word_1_90' title='bbox 264 2009 350 2073; x_wconf 83' lang='lat' dir='ltr'>ouria</span> <span class='ocrx_word' id='word_1_91' title='bbox 364 2009 505 2092; x_wconf 84' lang='lat' dir='ltr'>ejusdem</span> <span class='ocrx_word' id='word_1_92' title='bbox 520 2008 654 2086; x_wconf 83' lang='lat' dir='ltr'>abbatis,</span> <span class='ocrx_word' id='word_1_93' title='bbox 666 2015 703 2072; x_wconf 88' lang='lat' dir='ltr'>ut</span> <span class='ocrx_word' id='word_1_94' title='bbox 713 2009 879 2092; x_wconf 84' lang='lat' dir='ltr'>praedietns</span> <span class='ocrx_word' id='word_1_95' title='bbox 893 2009 941 2072; x_wconf 88' lang='lat' dir='ltr'>vir</span> <span class='ocrx_word' id='word_1_96' title='bbox 955 2007 1090 2092; x_wconf 80' lang='lat' dir='ltr'>singulis</span> <span class='ocrx_word' id='word_1_97' title='bbox 1101 2007 1193 2071; x_wconf 87' lang='lat' dir='ltr'>annis</span> <span class='ocrx_word' id='word_1_98' title='bbox 1202 2008 1263 2071; x_wconf 92' lang='lat' dir='ltr'>VI.</span> 
     </span>
     <span class='ocr_line' id='line_1_13' title="bbox 264 2117 1264 2198; baseline 0.002 -17"><span class='ocrx_word' id='word_1_99' title='bbox 264 2118 414 2182; x_wconf 77' lang='lat' dir='ltr'>sextarios</span> <span class='ocrx_word' id='word_1_100' title='bbox 438 2117 540 2182; x_wconf 86' lang='lat' dir='ltr'>mellis</span> <span class='ocrx_word' id='word_1_101' title='bbox 565 2118 716 2198; x_wconf 87' lang='lat' dir='ltr'>redderet,</span> <span class='ocrx_word' id='word_1_102' title='bbox 742 2120 823 2183; x_wconf 86' lang='lat' dir='ltr'>aient</span> <span class='ocrx_word' id='word_1_103' title='bbox 854 2125 947 2183; x_wconf 84' lang='lat' dir='ltr'>antea</span> <span class='ocrx_word' id='word_1_104' title='bbox 969 2120 1048 2184; x_wconf 85' lang='lat' dir='ltr'>duoa</span> <span class='ocrx_word' id='word_1_105' title='bbox 1078 2117 1264 2197; x_wconf 78' lang='lat' dir='ltr'>reddiderat,</span> 
     </span>
     <span class='ocr_line' id='line_1_14' title="bbox 264 2228 1265 2294; baseline 0 -2"><span class='ocrx_word' id='word_1_106' title='bbox 264 2236 297 2293; x_wconf 89' lang='lat' dir='ltr'>et</span> <span class='ocrx_word' id='word_1_107' title='bbox 318 2235 430 2293; x_wconf 87' lang='lat' dir='ltr'>eaetera</span> <span class='ocrx_word' id='word_1_108' title='bbox 454 2229 580 2294; x_wconf 87' lang='lat' dir='ltr'>servitia</span> <span class='ocrx_word' id='word_1_109' title='bbox 602 2229 685 2292; x_wconf 85' lang='lat' dir='ltr'>siout</span> <span class='ocrx_word' id='word_1_110' title='bbox 702 2234 794 2294; x_wconf 84' lang='lat' dir='ltr'>antea</span> <span class='ocrx_word' id='word_1_111' title='bbox 816 2229 931 2293; x_wconf 80' lang='lat' dir='ltr'>fecerat</span> <span class='ocrx_word' id='word_1_112' title='bbox 954 2228 1176 2293; x_wconf 82' lang='lat' dir='ltr'>monachorum</span> <span class='ocrx_word' id='word_1_113' title='bbox 1193 2229 1265 2292; x_wconf 84' lang='lat' dir='ltr'>usui</span> 
     </span>
     <span class='ocr_line' id='line_1_15' title="bbox 263 2339 461 2424; baseline 0 -20"><span class='ocrx_word' id='word_1_114' title='bbox 263 2339 461 2424; x_wconf 86' lang='lat' dir='ltr'>persolveret.</span> 
     </span>
    </p>
   </div>
   <div class='ocr_carea' id='block_1_5' title="bbox 462 2825 1071 2914">
    <p class='ocr_par' dir='ltr' id='par_1_5' title="bbox 462 2825 1071 2914">
     <span class='ocr_line' id='line_1_16' title="bbox 462 2825 1071 2914; baseline -0.003 -22"><span class='ocrx_word' id='word_1_115' title='bbox 462 2825 661 2914; x_wconf 81' lang='lat' dir='ltr'>[Enuanoun</span> <span class='ocrx_word' id='word_1_116' title='bbox 683 2853 711 2892; x_wconf 83' lang='lat' dir='ltr'>o.</span> <span class='ocrx_word' id='word_1_117' title='bbox 735 2831 847 2892; x_wconf 77' lang='lat' dir='ltr'>Aaron</span> <span class='ocrx_word' id='word_1_118' title='bbox 873 2827 1071 2911; x_wconf 65' lang='grc' dir='ltr'>κἊιιιΉῑῐε]2</span> 
     </span>
    </p>
   </div>
   <div class='ocr_carea' id='block_1_6' title="bbox 265 2985 1268 3516">
    <p class='ocr_par' dir='ltr' id='par_1_6' title="bbox 265 2985 1268 3516">
     <span class='ocr_line' id='line_1_17' title="bbox 265 2985 1268 3055; baseline -0.005 -16"><span class='ocrx_word' id='word_1_119' title='bbox 265 2989 367 3055; x_wconf 81' lang='lat' dir='ltr'>[Abbot</span> <span class='ocrx_word' id='word_1_120' title='bbox 379 2991 492 3040; x_wconf 76' lang='lat' dir='ltr'>Furitius</span> <span class='ocrx_word' id='word_1_121' title='bbox 504 2992 594 3040; x_wconf 75' lang='lat' dir='ltr'>makes</span> <span class='ocrx_word' id='word_1_122' title='bbox 604 2989 728 3040; x_wconf 82' lang='lat' dir='ltr'>dietraint</span> <span class='ocrx_word' id='word_1_123' title='bbox 739 3005 809 3052; x_wconf 88' lang='lat' dir='ltr'>upon</span> <span class='ocrx_word' id='word_1_124' title='bbox 822 2989 961 3038; x_wconf 75' lang='lat' dir='ltr'>Ermenold</span> <span class='ocrx_word' id='word_1_125' title='bbox 971 2988 1012 3037; x_wconf 82' lang='lat' dir='ltr'>for</span> <span class='ocrx_word' id='word_1_126' title='bbox 1030 2990 1220 3051; x_wconf 78' lang='lat' dir='ltr'>non-payment</span> <span class='ocrx_word' id='word_1_127' title='bbox 1238 2985 1268 3034; x_wconf 76' lang='lat' dir='ltr'>ot</span> 
     </span>
     <span class='ocr_line' id='line_1_18' title="bbox 332 3063 1264 3130; baseline -0.003 -15"><span class='ocrx_word' id='word_1_128' title='bbox 332 3072 400 3117; x_wconf 86' lang='lat' dir='ltr'>rent.</span> <span class='ocrx_word' id='word_1_129' title='bbox 433 3068 488 3117; x_wconf 79' lang='lat' dir='ltr'>&#39;Phe</span> <span class='ocrx_word' id='word_1_130' title='bbox 499 3068 580 3117; x_wconf 85' lang='lat' dir='ltr'>latter</span> <span class='ocrx_word' id='word_1_131' title='bbox 589 3069 715 3130; x_wconf 80' lang='lat' dir='ltr'>repleviea</span> <span class='ocrx_word' id='word_1_132' title='bbox 726 3067 767 3116; x_wconf 82' lang='lat' dir='ltr'>hie</span> <span class='ocrx_word' id='word_1_133' title='bbox 778 3071 909 3130; x_wconf 83' lang='lat' dir='ltr'>property,</span> <span class='ocrx_word' id='word_1_134' title='bbox 921 3065 986 3114; x_wconf 83' lang='lat' dir='ltr'>with</span> <span class='ocrx_word' id='word_1_135' title='bbox 1005 3065 1119 3128; x_wconf 79' lang='lat' dir='ltr'>pledges.</span> <span class='ocrx_word' id='word_1_136' title='bbox 1152 3063 1208 3113; x_wconf 75' lang='lat' dir='ltr'>&#39;rue</span> <span class='ocrx_word' id='word_1_137' title='bbox 1226 3078 1264 3112; x_wconf 91' lang='lat' dir='ltr'>re·</span> 
     </span>
     <span class='ocr_line' id='line_1_19' title="bbox 332 3140 1264 3208; baseline -0.003 -15"><span class='ocrx_word' id='word_1_138' title='bbox 332 3145 420 3207; x_wconf 84' lang='lat' dir='ltr'>plevin</span> <span class='ocrx_word' id='word_1_139' title='bbox 437 3147 490 3194; x_wconf 76' lang='lat' dir='ltr'>uuit</span> <span class='ocrx_word' id='word_1_140' title='bbox 507 3145 611 3208; x_wconf 81' lang='lat' dir='ltr'>coming</span> <span class='ocrx_word' id='word_1_141' title='bbox 622 3160 663 3203; x_wconf 89' lang='lat' dir='ltr'>on,</span> <span class='ocrx_word' id='word_1_142' title='bbox 675 3143 721 3193; x_wconf 89' lang='lat' dir='ltr'>the</span> <span class='ocrx_word' id='word_1_143' title='bbox 733 3145 811 3192; x_wconf 80' lang='lat' dir='ltr'>abbot</span> <span class='ocrx_word' id='word_1_144' title='bbox 827 3145 931 3192; x_wconf 80' lang='lat' dir='ltr'>obtaine</span> <span class='ocrx_word' id='word_1_145' title='bbox 947 3143 1085 3208; x_wconf 79' lang='lat' dir='ltr'>judgrnent</span> <span class='ocrx_word' id='word_1_146' title='bbox 1102 3141 1139 3205; x_wconf 85' lang='lat' dir='ltr'>by</span> <span class='ocrx_word' id='word_1_147' title='bbox 1154 3140 1264 3202; x_wconf 71' lang='lat' dir='ltr'>&lt;ietuult¹</span> 
     </span>
     <span class='ocr_line' id='line_1_20' title="bbox 328 3218 1265 3284; baseline -0.003 -14"><span class='ocrx_word' id='word_1_148' title='bbox 328 3222 379 3270; x_wconf 86' lang='lat' dir='ltr'>and</span> <span class='ocrx_word' id='word_1_149' title='bbox 390 3223 436 3272; x_wconf 86' lang='lat' dir='ltr'>the</span> <span class='ocrx_word' id='word_1_150' title='bbox 447 3226 544 3271; x_wconf 86' lang='lat' dir='ltr'>matter</span> <span class='ocrx_word' id='word_1_151' title='bbox 555 3223 578 3270; x_wconf 84' lang='lat' dir='ltr'>ie</span> <span class='ocrx_word' id='word_1_152' title='bbox 588 3221 785 3284; x_wconf 75' lang='lat' dir='ltr'>compromised,</span> <span class='ocrx_word' id='word_1_153' title='bbox 798 3222 842 3269; x_wconf 87' lang='lat' dir='ltr'>tbe</span> <span class='ocrx_word' id='word_1_154' title='bbox 854 3221 965 3270; x_wconf 74' lang='lat' dir='ltr'>eurotias</span> <span class='ocrx_word' id='word_1_155' title='bbox 976 3220 1056 3283; x_wconf 81' lang='lat' dir='ltr'>being</span> <span class='ocrx_word' id='word_1_156' title='bbox 1066 3219 1165 3269; x_wconf 72' lang='lat' dir='ltr'>friends</span> <span class='ocrx_word' id='word_1_157' title='bbox 1176 3218 1206 3267; x_wconf 81' lang='lat' dir='ltr'>of</span> <span class='ocrx_word' id='word_1_158' title='bbox 1219 3219 1265 3267; x_wconf 87' lang='lat' dir='ltr'>the</span> 
     </span>
     <span class='ocr_line' id='line_1_21' title="bbox 328 3289 1265 3355; baseline -0.004 -9"><span class='ocrx_word' id='word_1_159' title='bbox 328 3299 415 3347; x_wconf 83' lang='lat' dir='ltr'>abbot.</span> <span class='ocrx_word' id='word_1_160' title='bbox 450 3299 504 3347; x_wconf 77' lang='lat' dir='ltr'>rue</span> <span class='ocrx_word' id='word_1_161' title='bbox 515 3313 574 3347; x_wconf 82' lang='lat' dir='ltr'>ease</span> <span class='ocrx_word' id='word_1_162' title='bbox 586 3298 608 3346; x_wconf 82' lang='lat' dir='ltr'>ie</span> <span class='ocrx_word' id='word_1_163' title='bbox 625 3298 693 3346; x_wconf 88' lang='lat' dir='ltr'>tried</span> <span class='ocrx_word' id='word_1_164' title='bbox 709 3298 737 3346; x_wconf 91' lang='lat' dir='ltr'>in</span> <span class='ocrx_word' id='word_1_165' title='bbox 753 3289 799 3346; x_wconf 83' lang='lat' dir='ltr'>the</span> <span class='ocrx_word' id='word_1_166' title='bbox 816 3298 896 3346; x_wconf 78' lang='lat' dir='ltr'>house</span> <span class='ocrx_word' id='word_1_167' title='bbox 912 3297 943 3346; x_wconf 78' lang='lat' dir='ltr'>of</span> <span class='ocrx_word' id='word_1_168' title='bbox 956 3294 1103 3355; x_wconf 70' lang='lat' dir='ltr'>arnenold,</span> <span class='ocrx_word' id='word_1_169' title='bbox 1115 3295 1203 3344; x_wconf 82' lang='lat' dir='ltr'>before</span> <span class='ocrx_word' id='word_1_170' title='bbox 1218 3294 1265 3343; x_wconf 88' lang='lat' dir='ltr'>the</span> 
     </span>
     <span class='ocr_line' id='line_1_22' title="bbox 328 3369 1264 3437; baseline -0.005 -13"><span class='ocrx_word' id='word_1_171' title='bbox 328 3376 487 3426; x_wconf 84' lang='lat' dir='ltr'>arobdeaoon</span> <span class='ocrx_word' id='word_1_172' title='bbox 499 3377 530 3424; x_wconf 90' lang='lat' dir='ltr'>ot&#39;</span> <span class='ocrx_word' id='word_1_173' title='bbox 538 3375 634 3424; x_wconf 77' lang='lat' dir='ltr'>Oxsord</span> <span class='ocrx_word' id='word_1_174' title='bbox 644 3375 697 3424; x_wconf 80' lang='lat' dir='ltr'>and</span> <span class='ocrx_word' id='word_1_175' title='bbox 709 3374 822 3423; x_wconf 84' lang='lat' dir='ltr'>Riohard</span> <span class='ocrx_word' id='word_1_176' title='bbox 834 3375 864 3422; x_wconf 76' lang='lat' dir='ltr'>ot</span> <span class='ocrx_word' id='word_1_177' title='bbox 878 3375 904 3423; x_wconf 83' lang='lat' dir='ltr'>S.</span> <span class='ocrx_word' id='word_1_178' title='bbox 918 3373 975 3437; x_wconf 88' lang='lat' dir='ltr'>(the</span> <span class='ocrx_word' id='word_1_179' title='bbox 987 3369 1110 3436; x_wconf 80' lang='lat' dir='ltr'>auretiee)</span> <span class='ocrx_word' id='word_1_180' title='bbox 1121 3372 1172 3421; x_wconf 84' lang='lat' dir='ltr'>and</span> <span class='ocrx_word' id='word_1_181' title='bbox 1183 3385 1264 3434; x_wconf 78' lang='lat' dir='ltr'>many</span> 
     </span>
     <span class='ocr_line' id='line_1_23' title="bbox 328 3451 994 3516; baseline -0.002 -17"><span class='ocrx_word' id='word_1_182' title='bbox 328 3451 440 3516; x_wconf 72' lang='lat' dir='ltr'>othere]</span> <span class='ocrx_word' id='word_1_183' title='bbox 992 3458 994 3462; x_wconf 79' lang='grc'>’</span> 
     </span>
    </p>
   </div>
   <div class='ocr_carea' id='block_1_7' title="bbox 262 3561 1265 4312">
    <p class='ocr_par' dir='ltr' id='par_1_7' title="bbox 262 3561 1265 4312">
     <span class='ocr_line' id='line_1_24' title="bbox 263 3561 1262 3648; baseline -0.004 -20"><span class='ocrx_word' id='word_1_184' title='bbox 263 3565 447 3628; x_wconf 78' lang='lat' dir='ltr'>Enunronu</span> <span class='ocrx_word' id='word_1_185' title='bbox 469 3565 635 3648; x_wconf 86' lang='lat' dir='ltr'>burgensis</span> <span class='ocrx_word' id='word_1_186' title='bbox 659 3564 697 3630; x_wconf 93' lang='lat' dir='ltr'>de</span> <span class='ocrx_word' id='word_1_187' title='bbox 722 3564 904 3630; x_wconf 84' lang='lat' dir='ltr'>Oxeneford</span> <span class='ocrx_word' id='word_1_188' title='bbox 933 3562 1064 3628; x_wconf 87' lang='lat' dir='ltr'>tenebat</span> <span class='ocrx_word' id='word_1_189' title='bbox 1086 3562 1125 3626; x_wconf 88' lang='lat' dir='ltr'>de</span> <span class='ocrx_word' id='word_1_190' title='bbox 1148 3561 1262 3625; x_wconf 77' lang='lat' dir='ltr'>abbate</span> 
     </span>
     <span class='ocr_line' id='line_1_25' title="bbox 264 3671 1261 3759; baseline -0.006 -19"><span class='ocrx_word' id='word_1_191' title='bbox 264 3674 382 3740; x_wconf 85' lang='lat' dir='ltr'>Faritio</span> <span class='ocrx_word' id='word_1_192' title='bbox 392 3674 502 3740; x_wconf 87' lang='lat' dir='ltr'>wieam</span> <span class='ocrx_word' id='word_1_193' title='bbox 517 3697 586 3758; x_wconf 81' lang='lat' dir='ltr'>quae</span> <span class='ocrx_word' id='word_1_194' title='bbox 601 3681 650 3739; x_wconf 82' lang='lat' dir='ltr'>est</span> <span class='ocrx_word' id='word_1_195' title='bbox 663 3677 759 3758; x_wconf 86' lang='lat' dir='ltr'>juxta</span> <span class='ocrx_word' id='word_1_196' title='bbox 773 3680 905 3759; x_wconf 89' lang='lat' dir='ltr'>pontem</span> <span class='ocrx_word' id='word_1_197' title='bbox 918 3671 1099 3738; x_wconf 82' lang='lat' dir='ltr'>Oxeneiord</span> <span class='ocrx_word' id='word_1_198' title='bbox 1114 3694 1171 3753; x_wconf 90' lang='lat' dir='ltr'>pro</span> <span class='ocrx_word' id='word_1_199' title='bbox 1187 3671 1261 3735; x_wconf 82' lang='lat' dir='ltr'>XL.</span> 
     </span>
     <span class='ocr_line' id='line_1_26' title="bbox 265 3782 1265 3868; baseline -0.002 -20"><span class='ocrx_word' id='word_1_200' title='bbox 265 3784 374 3849; x_wconf 79' lang='lat' dir='ltr'>solidis</span> <span class='ocrx_word' id='word_1_201' title='bbox 400 3785 440 3848; x_wconf 86' lang='lat' dir='ltr'>ad</span> <span class='ocrx_word' id='word_1_202' title='bbox 463 3784 615 3868; x_wconf 84' lang='lat' dir='ltr'>gublum3</span> <span class='ocrx_word' id='word_1_203' title='bbox 649 3791 683 3849; x_wconf 89' lang='lat' dir='ltr'>et</span> <span class='ocrx_word' id='word_1_204' title='bbox 714 3784 854 3868; x_wconf 81' lang='lat' dir='ltr'>contigit</span> <span class='ocrx_word' id='word_1_205' title='bbox 876 3790 914 3848; x_wconf 91' lang='lat' dir='ltr'>ut</span> <span class='ocrx_word' id='word_1_206' title='bbox 945 3784 1080 3868; x_wconf 87' lang='lat' dir='ltr'>gablum</span> <span class='ocrx_word' id='word_1_207' title='bbox 1110 3782 1265 3848; x_wconf 87' lang='lat' dir='ltr'>detineret</span> 
     </span>
     <span class='ocr_line' id='line_1_27' title="bbox 263 3889 1265 3979; baseline -0.002 -19"><span class='ocrx_word' id='word_1_208' title='bbox 263 3918 347 3961; x_wconf 89' lang='lat' dir='ltr'>anno</span> <span class='ocrx_word' id='word_1_209' title='bbox 362 3919 435 3960; x_wconf 87' lang='lat' dir='ltr'>uno.</span> <span class='ocrx_word' id='word_1_210' title='bbox 482 3896 587 3961; x_wconf 80' lang='lat' dir='ltr'>Quare</span> <span class='ocrx_word' id='word_1_211' title='bbox 602 3894 699 3960; x_wconf 83' lang='lat' dir='ltr'>abbae</span> <span class='ocrx_word' id='word_1_212' title='bbox 721 3894 864 3979; x_wconf 83' lang='lat' dir='ltr'>sequenti</span> <span class='ocrx_word' id='word_1_213' title='bbox 884 3917 977 3974; x_wconf 87' lang='lat' dir='ltr'>anno,</span> <span class='ocrx_word' id='word_1_214' title='bbox 992 3889 1101 3958; x_wconf 79' lang='lat' dir='ltr'>messis</span> <span class='ocrx_word' id='word_1_215' title='bbox 1116 3899 1265 3977; x_wconf 85' lang='lat' dir='ltr'>tempore,</span> 
     </span>
     <span class='ocr_line' id='line_1_28' title="bbox 263 4003 1264 4093; baseline -0.002 -23"><span class='ocrx_word' id='word_1_216' title='bbox 263 4006 413 4093; x_wconf 90' lang='lat' dir='ltr'>quiequid</span> <span class='ocrx_word' id='word_1_217' title='bbox 429 4006 567 4091; x_wconf 83' lang='lat' dir='ltr'>peouniae</span> <span class='ocrx_word' id='word_1_218' title='bbox 589 4005 722 4089; x_wconf 82' lang='lat' dir='ltr'>desuper</span> <span class='ocrx_word' id='word_1_219' title='bbox 743 4011 860 4069; x_wconf 87' lang='lat' dir='ltr'>terram</span> <span class='ocrx_word' id='word_1_220' title='bbox 882 4005 969 4068; x_wconf 83' lang='lat' dir='ltr'>illum</span> <span class='ocrx_word' id='word_1_221' title='bbox 985 4003 1126 4069; x_wconf 90' lang='lat' dir='ltr'>invenire</span> <span class='ocrx_word' id='word_1_222' title='bbox 1140 4009 1264 4088; x_wconf 86' lang='lat' dir='ltr'>poterat</span> 
     </span>
     <span class='ocr_line' id='line_1_29' title="bbox 263 4112 1265 4201; baseline -0.003 -20"><span class='ocrx_word' id='word_1_223' title='bbox 263 4117 383 4181; x_wconf 86' lang='lat' dir='ltr'>namari</span> <span class='ocrx_word' id='word_1_224' title='bbox 398 4116 504 4201; x_wconf 86' lang='lat' dir='ltr'>jussit,</span> <span class='ocrx_word' id='word_1_225' title='bbox 521 4121 554 4180; x_wconf 88' lang='lat' dir='ltr'>et</span> <span class='ocrx_word' id='word_1_226' title='bbox 568 4112 686 4180; x_wconf 84' lang='lat' dir='ltr'>terrani</span> <span class='ocrx_word' id='word_1_227' title='bbox 701 4113 869 4200; x_wconf 90' lang='lat' dir='ltr'>prohiberi.</span> <span class='ocrx_word' id='word_1_228' title='bbox 914 4115 960 4179; x_wconf 84' lang='lat' dir='ltr'>At</span> <span class='ocrx_word' id='word_1_229' title='bbox 974 4115 1040 4199; x_wconf 81' lang='lat' dir='ltr'>ipse</span> <span class='ocrx_word' id='word_1_230' title='bbox 1055 4114 1265 4180; x_wconf 84' lang='lat' dir='ltr'>Ermenoldus</span> 
     </span>
     <span class='ocr_line' id='line_1_30' title="bbox 262 4224 1265 4312; baseline 0 -22"><span class='ocrx_word' id='word_1_231' title='bbox 262 4249 318 4312; x_wconf 91' lang='lat' dir='ltr'>pro</span> <span class='ocrx_word' id='word_1_232' title='bbox 354 4250 388 4293; x_wconf 81' lang='lat' dir='ltr'>ae</span> <span class='ocrx_word' id='word_1_233' title='bbox 424 4226 615 4305; x_wconf 83' lang='lat' dir='ltr'>Walterum,</span> <span class='ocrx_word' id='word_1_234' title='bbox 644 4224 899 4290; x_wconf 81' lang='lat' dir='ltr'>archidianonum</span> <span class='ocrx_word' id='word_1_235' title='bbox 937 4226 976 4290; x_wconf 90' lang='lat' dir='ltr'>de</span> <span class='ocrx_word' id='word_1_236' title='bbox 1012 4224 1202 4305; x_wconf 82' lang='lat' dir='ltr'>oxeneford,</span> <span class='ocrx_word' id='word_1_237' title='bbox 1233 4231 1265 4290; x_wconf 92' lang='lat' dir='ltr'>et</span> 
     </span>
    </p>
   </div>
   <div class='ocr_carea' id='block_1_8' title="bbox 329 4409 1202 4565">
    <p class='ocr_par' dir='ltr' id='par_1_8' title="bbox 329 4409 1202 4565">
     <span class='ocr_line' id='line_1_31' title="bbox 329 4409 1202 4476; baseline -0.003 -14"><span class='ocrx_word' id='word_1_238' title='bbox 329 4411 338 4443; x_wconf 91' lang='lat'>¹</span> <span class='ocrx_word' id='word_1_239' title='bbox 355 4415 371 4462; x_wconf 80' lang='lat'><em>2</em></span> <span class='ocrx_word' id='word_1_240' title='bbox 384 4413 454 4462; x_wconf 74' lang='lat' dir='ltr'>nist.</span> <span class='ocrx_word' id='word_1_241' title='bbox 466 4413 535 4462; x_wconf 84' lang='lat' dir='ltr'>Mon.</span> <span class='ocrx_word' id='word_1_242' title='bbox 546 4412 658 4476; x_wconf 81' lang='lat' dir='ltr'>Abingd.</span> <span class='ocrx_word' id='word_1_243' title='bbox 670 4412 718 4461; x_wconf 77' lang='lat'>189</span> <span class='ocrx_word' id='word_1_244' title='bbox 730 4410 801 4475; x_wconf 82' lang='lat' dir='ltr'>(Ree.</span> <span class='ocrx_word' id='word_1_245' title='bbox 815 4411 905 4476; x_wconf 69' lang='lat' dir='ltr'>Gom).</span> <span class='ocrx_word' id='word_1_246' title='bbox 1067 4411 1078 4444; x_wconf 85' lang='lat'><strong>¹</strong></span> <span class='ocrx_word' id='word_1_247' title='bbox 1096 4409 1134 4460; x_wconf 88' lang='lat' dir='ltr'>lb.</span> <span class='ocrx_word' id='word_1_248' title='bbox 1146 4411 1202 4460; x_wconf 87' lang='lat'>140.</span> 
     </span>
     <span class='ocr_line' id='line_1_32' title="bbox 738 4505 802 4565; baseline 0.016 -1"><span class='ocrx_word' id='word_1_249' title='bbox 738 4521 761 4564; x_wconf 83' lang='lat' dir='ltr'>u</span> <span class='ocrx_word' id='word_1_250' title='bbox 784 4505 802 4565; x_wconf 73' lang='lat'>2</span> 
     </span>
    </p>
   </div>
   <div class='ocr_carea' id='block_1_9' title="bbox 0 0 1648 5142">
    <p class='ocr_par' dir='ltr' id='par_1_9' title="bbox 0 0 1648 5142">
     <span class='ocr_line' id='line_1_33' title="bbox 0 0 1648 5142; baseline 0 2"><span class='ocrx_word' id='word_1_251' title='bbox 0 0 1648 5142; x_wconf 95' lang='lat' dir='ltr'> </span> 
     </span>
    </p>
   </div>
  </div>
 </body>
</html>
