3280 5132
695 735 836 779 wrarrarr
860 737 882 779 1.
1249 717 1299 778 35·

289 914 382 977 Hanc
408 914 493 979 enim
519 913 689 978 vicecomes
712 913 798 997 regis
824 934 890 977 esse
916 917 1032 976 terram
1059 911 1184 980 dicebat
1191 938 1202 990 3
1233 913 1289 977 sed

284 1025 447 1110 episcopus
462 1024 594 1090 eandem
610 1024 721 1089 Sancti
736 1024 870 1090 Andreae
891 1024 995 1108 potius
1015 1045 1082 1088 esse
1097 1024 1287 1089 affirmabat.

287 1135 392 1201 Quare
401 1141 474 1201 ante
486 1158 593 1220 regem
605 1140 771 1202 venerunt.
794 1135 865 1199 Rex
878 1158 949 1200 vero
960 1135 1117 1220 pracepit,
1130 1141 1167 1199 ut
1176 1158 1285 1200 ornnes

285 1244 371 1309 illius
382 1245 550 1311 comitatus
562 1246 704 1312 homines
716 1252 984 1330 congregarentur
988 1272 997 1323 3
1010 1252 1043 1309 et
1051 1268 1159 1310 eorum
1166 1245 1285 1330 judicio

287 1359 376 1440 eujus
387 1364 472 1422 terra
480 1359 607 1424 deberet
618 1359 734 1424 rectius
745 1358 940 1443 probaretur.
965 1358 1018 1421 Illi
1030 1363 1137 1422 autem
1152 1380 1282 1442 congre·

283 1469 352 1552 goti
367 1475 485 1533 terram
504 1469 592 1533 illam
612 1469 696 1554 regis
712 1491 778 1533 esse
793 1468 899 1552 potius
921 1491 1018 1552 quam
1040 1468 1126 1533 beati
1148 1469 1284 1533 Andreae

284 1579 398 1644 timore
413 1579 607 1645 vicecomitis
629 1581 875 1645 affirmaverunt.
922 1579 985 1644 Sed
1007 1602 1081 1644 cum
1103 1579 1166 1644 illis
1189 1581 1283 1645 Baio·

285 1691 386 1754 censis
400 1691 573 1776 episcopus,
589 1691 643 1776 qui
663 1691 779 1775 placito
799 1695 942 1775 praeerat,
956 1713 1020 1754 non
1036 1690 1114 1756 bene
1129 1691 1266 1756 crederet
1275 1719 1284 1769 ;

284 1803 432 1886 praecepit
459 1811 498 1868 ut
527 1802 555 1866 si
580 1825 690 1867 verum
716 1825 781 1868 esse
807 1801 890 1886 quod
919 1801 1067 1867 dicebant
1097 1804 1223 1882 scirent,
1246 1826 1286 1868 ex

284 1913 393 1996 seipsis
423 1914 588 1979 duodecim
617 1915 781 1999 eligerent,
807 1913 861 1999 qui
891 1914 973 1998 quod
999 1937 1108 1978 omnes
1138 1915 1284 1979 dixerant

279 2023 483 2107 jurejurando
499 2026 730 2091 confirmarent.
775 2025 830 2088 Illi
849 2031 954 2089 autem
972 2048 1045 2090 cum
1061 2025 1100 2089 ad
1118 2025 1283 2090 consilium

282 2135 491 2215 secessissent,
505 2142 539 2202 et
560 2135 640 2200 inibi
656 2160 675 2201 a
689 2137 874 2201 vicecomite
889 2159 944 2221 per
958 2136 1193 2200 internuntium
1209 2158 1283 2200 con·

283 2245 387 2310 territi
409 2246 561 2324 fuissent3
593 2251 784 2311 revertentes
806 2269 916 2311 verum
942 2268 1007 2310 esse
1033 2245 1116 2330 quod
1142 2246 1288 2310 dixerant

279 2357 479 2441 juraverunt.
525 2358 572 2421 Hi
587 2363 695 2425 autem
710 2338 839 2422 suerunt
854 2357 1029 2433 Edwardus
1043 2357 1081 2421 de
1097 2357 1285 2440 cipenham,

286 2467 449 2532 Heruldus
478 2474 525 2532 et*
542 2466 717 2533 Leofunine
746 2490 817 2532 saca
848 2467 886 2532 de
917 2467 1076 2552 exninge,
1103 2467 1216 2532 Eadrio
1246 2469 1286 2532 de

286 2578 460 2658 Giselham‚
471 2579 637 2645 Wlfuuine
651 2578 690 2644 de
706 2577 910 2657 Landuuade,
922 2579 1059 2644 Ordiner
1070 2578 1108 2648 de
1117 2580 1284 2662 Berlinge-

283 2692 368 2770 ham,
383 2698 417 2756 et
442 2691 496 2755 alii
522 2715 576 2758 sex
599 2668 638 2757 de
661 2691 844 2756 melioribus
869 2692 1050 2757 comitatus.
1096 2692 1168 2758 Quo
1191 2690 1285 2770 facto,

282 2808 366 2866 terra
389 2802 424 2865 in
440 2825 536 2866 mann
551 2803 636 2887 regis
651 2801 813 2868 remansit.
851 2803 971 2867 Eodem
987 2825 1061 2868 vero
1077 2825 1159 2868 anno
1176 2826 1284 2868 mona-

283 2914 361 2978 chus
381 2913 510 2998 quidam
527 2914 619 2978 Grim
640 2913 779 2994 nomine,
796 2914 886 2998 quasi
906 2937 925 2978 a
946 2913 1083 2978 Domino
1105 2913 1230 2993 missua,
1245 2915 1285 2979 ad

281 3023 461 3108 episcopum
475 3025 572 3089 venit.
620 3023 685 3091 Qui
707 3046 785 3122 cum⁸
797 3023 921 3089 audiret
945 3026 1004 3089 hoe
1019 3024 1104 3110 quod
1128 3025 1175 3090 illi
1196 3025 1283 3108 jura·

283 3143 411 3217 verant;
435 3139 572 3202 nimium
588 3135 760 3216 admirans,
776 3143 809 3202 et
831 3160 883 3202 eos
901 3137 1073 3216 detestans,
1089 3160 1197 3202 omnes
1219 3161 1285 3202 esse

282 3249 420 3333 perjuros
440 3249 621 3315 affirmavit.
655 3249 729 3334 ipse
743 3248 830 3314 enim
845 3249 1018 3314 monachus
1032 3249 1087 3312 diu
1099 3250 1284 3334 praepositus

283 3362 322 3425 de
347 3361 565 3426 Frachenham
580 3357 740 3446 extiterat,
755 3365 788 3424 et
811 3383 850 3425 ex
872 3361 981 3424 eadem
1006 3367 1089 3425 terra
1107 3360 1236 3425 servitia
1252 3367 1284 3425 et

281 3479 440 3537 costumas
458 3478 495 3537 ut
511 3473 549 3538 de
564 3472 633 3536 aliis
648 3472 740 3537 terris
755 3471 793 3536 de
809 3471 1026 3537 Fraehenham
1042 3479 1230 3556 susceperat,
1246 3477 1280 3536 et

283 3603 382 3646 unum
397 3605 436 3647 ex
450 3581 567 3647 eisdem
583 3583 638 3666 qui
648 3581 833 3666 juraverant
848 3581 882 3644 in
898 3581 1006 3646 eodem
1022 3582 1162 3661 manerio
1174 3583 1232 3645 snb
1248 3604 1281 3645 se

283 3693 445 3757 habuerat.
492 3692 587 3758 Quod
600 3699 768 3777 postquam
785 3691 946 3776 episeopus
960 3690 1127 3756 Hrofcnsis
1140 3691 1282 3769 audivit;

283 3803 324 3866 ad
348 3802 527 3886 episcopum
553 3802 756 3867 Baiocensem
772 3802 871 3880 venit,
887 3807 919 3866 et
946 3801 1091 3865 monachi
1112 3801 1206 3865 verba
1229 3825 1285 3886 per

283 3912 424 3979 ordinem
440 3913 592 3977 narravit.
631 3912 710 3978 Quae
723 3918 759 3976 ut
774 3911 938 3996 episcopus
949 3911 1082 3990 audivit,
1092 3912 1284 3976 monachum

283 4024 323 4088 ad
345 4045 377 4088 se
393 4023 498 4089 venire
518 4023 603 4103 feeit,
620 4029 653 4087 et
676 4023 716 4088 ab
743 4022 810 4108 ipso
833 4021 888 4085 illa
910 4021 1017 4087 eadem
1037 4022 1160 4088 didicit.
1207 4026 1283 4090 Post

282 4133 348 4198 haec
362 4155 435 4199 vero
452 4156 553 4198 unum
569 4157 608 4199 ex
622 4133 686 4197 illis
701 4132 756 4218 qui
771 4133 956 4217 juraverant
971 4133 1011 4197 ad
1026 4157 1059 4199 se
1073 4135 1148 4198 feeit
1159 4136 1283 4215 venire;

282 4245 337 4328 qui
352 4245 463 4310 statim
477 4246 517 4310 ad
532 4246 599 4331 ejus
620 4245 715 4330 pedes
736 4245 912 4330 procidens,
927 4246 1087 4311 consessus
1101 4254 1149 4313 est
1164 4271 1196 4313 se
1211 4272 1281 4335 per·

278 4357 387 4437 jurum
403 4379 478 4422 esse.
526 4358 612 4422 Hinc
627 4363 734 4422 auum
750 4379 822 4422 cum
839 4357 930 4421 illum
945 4358 999 4442 qui
1014 4358 1101 4442 prius
1120 4361 1283 4444 juraverat

283 4465 365 4529 adse
379 4467 483 4531 vorrire
496 4469 619 4533 fecisset
627 4495 636 4546 3
661 4469 829 4554 requisitus
841 4490 874 4532 se
889 4469 1049 4552 perjurum
1061 4492 1126 4535 esse
1137 4471 1283 4537 similiter

743 4601 763 4642 n
788 4583 806 4643 2
