3286 5142
694 651 847 697 srnvuuu.
1209 629 1268 694 151

265 803 384 871 curavi.
428 804 532 870 Causa
544 804 646 891 igitur
659 805 718 872 bac
739 805 774 870 in
796 803 925 891 publica
939 803 1059 890 synodo
1073 803 1108 867 in
1126 802 1267 868 medium

265 914 409 996 deducta,
424 915 588 1001 praedictas
602 915 672 980 illas
694 915 773 980 duas
795 914 940 980 ecclesiae
962 914 1097 981 ecclesia
1115 915 1267 980 Glouces-

265 1026 333 1091 triae
349 1026 481 1092 donatas
495 1027 592 1092 fuisse
606 1025 834 1091 rationabiliter
847 1032 916 1090 tam
931 1032 1091 1092 cartarum
1102 1025 1268 1092 confirma-

266 1136 353 1202 tione
377 1161 472 1224 quam
497 1136 660 1224 prasentia
680 1136 794 1223 synodi
815 1137 1019 1203 attestatione
1042 1137 1266 1222 cognovimus,

266 1249 349 1314 unde
363 1248 465 1334 ipsam
480 1273 535 1335 per
549 1249 716 1334 cujusdam
729 1248 903 1314 violentam
918 1248 1129 1314 intrusionem
1146 1247 1266 1332 injuste

265 1359 433 1443 spoliatam
447 1361 620 1439 audientes,
634 1382 707 1425 curn
722 1359 882 1424 intrusum
904 1360 997 1424 illum
1013 1359 1127 1445 saepius
1142 1359 1182 1424 ad
1195 1359 1263 1443 jue·

265 1471 372 1536 titiam
395 1472 638 1551 vocavissemus,
655 1493 712 1536 nec
734 1471 788 1536 ille
810 1492 866 1536 nec
890 1469 1003 1556 aliquis
1019 1493 1074 1556 pro
1098 1491 1135 1535 eo
1150 1491 1183 1535 ee
1196 1470 1265 1554 jus-

266 1581 345 1646 titiae
367 1582 612 1666 praenotaverit,
626 1581 851 1647 investituram
874 1580 1044 1646 earundem
1067 1579 1268 1645 ecclesiarum

265 1693 373 1758 abbati
408 1699 442 1760 et
463 1693 598 1760 eeclesia
625 1693 830 1759 Glouceetriae
862 1692 1122 1776 adjudicavimus,
1152 1697 1185 1756 et
1212 1713 1269 1776 per

264 1802 368 1869 claves
382 1804 521 1888 ipsarum
543 1803 741 1870 eeclesiarum
764 1825 836 1868 eum
858 1802 892 1866 in
913 1803 1136 1887 possessionem
1159 1824 1270 1867 earun-

265 1913 336 1980 dem
351 1914 451 1980 totius
465 1914 577 2000 synodi
591 1918 706 1979 nostra
720 1911 952 1998 adjudicatione
966 1913 1161 1978 induximus.

561 2135 761 2201 [Confirmation
777 2137 814 2201 by
824 2135 976 2203 Theobald]

309 2284 516 2364 Theobaldus,
541 2285 602 2351 Dei
621 2285 727 2371 gratia
750 2285 988 2351 cantuariensis
1008 2284 1270 2372 archiepiscopus,

268 2396 448 2481 Anglorum
470 2397 599 2481 primas,
614 2403 648 2462 et
669 2397 858 2482 Apostolicae
883 2397 973 2461 Sedis
996 2397 1133 2482 legatus,
1146 2397 1269 2463 dilectis

267 2508 330 2572 sibi
347 2507 381 2571 in
401 2507 539 2573 Domino
565 2507 711 2573 omnibus
733 2509 857 2572 Sanctae
872 2506 990 2573 Matris
1012 2506 1159 2573 Ecclesia
1185 2509 1270 2592 liliis,

268 2617 402 2682 salutem
433 2616 468 2681 in
500 2616 640 2682 Domino
669 2624 703 2683 et
735 2618 996 2683 benedictionem.
1051 2618 1270 2685 Incolumitati

267 2727 479 2808 ecclesiarum,
493 2733 526 2792 et
548 2728 619 2812 paci
644 2727 853 2812 providentes,
877 2750 914 2792 ea
935 2751 1005 2813 quae
1030 2729 1167 2794 ecclesiis
1193 2730 1270 2815 ipsis

267 2838 423 2904 bonorum
446 2839 626 2925 principum
645 2839 817 2923 largitione
842 2839 892 2905 vel
915 2840 1095 2906 rationabili
1120 2864 1268 2926 quorum·

267 2972 391 3035 cunque
416 2949 600 3016 executione
623 2950 835 3035 adquiruntur
859 2949 913 3035 pia
944 2950 1022 3035 ipsis
1057 2951 1269 3036 benignitate,

267 3062 477 3142 concedimus,
498 3067 533 3126 et
555 3062 740 3128 auctoritate
762 3066 871 3127 nostra
888 3062 1122 3128 confirmamus.
1167 3064 1270 3129 Audi·

267 3178 355 3238 entes
376 3172 483 3258 itaque
506 3172 665 3238 eeclesiam
690 3173 728 3238 de
748 3172 986 3252 Wireeesburia,
1001 3178 1034 3238 et
1054 3172 1215 3239 ecelesiam
1231 3175 1269 3240 de

268 3284 451 3369 Langeleia,
480 3283 615 3348 ecclesias
639 3283 731 3348 Beati
755 3283 843 3348 Petri
874 3283 1079 3348 Gloucestriae
1110 3283 1180 3367 jam
1213 3285 1269 3350 diu

268 3395 404 3460 donatas
426 3395 669 3472 rationabiliter,
684 3400 717 3460 et
740 3394 801 3459 boc
816 3394 939 3480 plenius
961 3417 1000 3458 ex
1020 3399 1107 3458 carta
1128 3395 1216 3480 regia
1238 3401 1271 3461 et

268 3505 365 3571 cartis
379 3504 607 3570 venerabilium
633 3505 848 3590 episcoporum
875 3504 1018 3577 Roberti,
1044 3503 1164 3568 seilicet
1186 3506 1269 3589 epis·

268 3615 339 3702 copi
370 3613 529 3701 quondam
554 3615 796 3694 Lincolniensis,
819 3623 852 3679 et
877 3613 1063 3692 Alexandri,
1087 3616 1270 3680 successoris
1314 3593 1323 3610 ⁸

268 3725 424 3811 ejusdem,
446 3730 480 3789 et
501 3724 662 3790 reverendi
688 3724 796 3789 fratris
817 3724 918 3789 nostri
944 3723 1105 3802 Bernardi,
1132 3723 1270 3810 episcopi

270 3835 382 3902 Sancti
401 3835 519 3915 David,
538 3842 772 3918 cognoscentes,
797 3834 909 3900 deinde
930 3857 1004 3898 cum
1027 3833 1155 3918 quidam
1176 3857 1209 3900 se
1233 3836 1269 3900 in

268 3948 391 4014 easdem
406 3947 551 4013 ecclesias
565 3945 739 4025 intruserit,
752 3944 876 4010 easdem
891 3944 1034 4010 eeclesias
1052 3950 1084 4009 et
1098 3944 1133 4008 in
1143 3946 1270 4030 publica

268 4060 388 4147 synodo
403 4058 537 4126 ecelesiae
549 4058 641 4123 Beati
657 4057 745 4122 Petri
759 4056 966 4142 adjudicatas,
980 4076 1020 4119 ex
1034 4061 1121 4121 carta
1136 4057 1270 4124 Davidis

267 4171 479 4237 archidiaconi
502 4169 748 4253 Bukingbamise
771 4175 804 4234 et
825 4167 937 4253 synodi
959 4167 1044 4232 illius
1066 4168 1270 4234 attestatione

267 4289 502 4369 cognoscentes,
525 4288 558 4348 et
580 4279 704 4366 plenius
731 4281 908 4360 rescientes,
928 4279 991 4364 ipsi
1011 4279 1146 4344 ecclesiae
1177 4281 1271 4345 Beati

271 4394 358 4458 Petri
379 4394 583 4459 Gloncestriae
612 4392 647 4456 iu
666 4392 832 4457 earundem
857 4390 1056 4456 ecclesiarum
1079 4390 1271 4476 possessione
