3286 5150
703 672 812 718 narrar
834 672 871 717 11.
1221 653 1281 716 191

282 824 415 890 Roberti
440 825 478 892 de
492 825 691 908 Wattevilla,
708 825 839 891 Hemici
861 825 901 890 de
923 823 1117 905 Herefordia,
1133 824 1283 889 Manaser

282 932 393 998 Biseth
409 935 586 1021 dapiferum
601 936 694 1021 regis.

327 1047 595 1131 compositionem
622 1048 703 1112 hano
733 1070 788 1132 per
812 1051 930 1112 memet
952 1047 1057 1132 ipsum
1083 1051 1117 1113 et
1146 1070 1198 1113 eos
1227 1046 1282 1132 qni

282 1178 406 1220 mecum
429 1158 582 1242 gerebant
603 1158 689 1224 istud
713 1158 919 1223 Eboracensis
943 1157 1079 1223 ecclesias
1105 1158 1282 1243 negotium,

282 1267 401 1334 scilicet
425 1269 624 1335 Willelmnm
648 1274 808 1335 cantorem
832 1269 1073 1348 Eboraoensem,
1104 1270 1283 1334 Johannem

281 1377 521 1460 thesaurarium,
547 1380 723 1446 Robertum
748 1385 826 1444 tuno
860 1379 989 1465 quidem
1017 1380 1282 1460 archidiaconum,

283 1494 391 1573 postea
419 1513 493 1556 vero
522 1491 676 1556 decanum
701 1491 939 1570 Eboracensem,
965 1495 998 1556 et
1027 1491 1182 1556 Thomam
1207 1514 1284 1576 prae·

282 1599 421 1682 positum
456 1601 618 1666 Beverlaoi
643 1607 675 1667 et
704 1600 789 1686 regis
819 1600 1059 1680 cancellarium,¹
1087 1601 1284 1666 Willelmum

282 1711 537 1777 archidiaconum
562 1705 813 1796 Noting'hamiae,
834 1712 1013 1776 Johannem
1033 1711 1136 1776 filium
1159 1713 1284 1779 Letoldi

283 1822 469 1886 canonicum
481 1821 623 1902 Eboraci,
637 1821 808 1886 Osbertum
819 1821 962 1886 Amndel
973 1822 1158 1887 canonicum
1169 1824 1285 1888 Bever·

283 1932 354 2013 laci,
379 1934 480 2017 primo
505 1933 632 2018 quidem
653 1955 757 1997 coram
784 1932 871 1997 curia
900 1931 985 2016 regis
1010 1932 1084 1997 hinc
1112 1933 1186 1998 inde
1210 1956 1284 1999 con-

284 2064 412 2122 cessam,
439 2043 551 2109 deinde
574 2065 648 2108 vero
670 2049 738 2108 tam
761 2065 890 2107 assensu
911 2042 1011 2107 totius
1034 2043 1165 2127 capituli
1189 2066 1284 2129 quam

284 2153 390 2238 sigillo
417 2153 550 2219 ecclesias
574 2152 780 2218 Eboracensis
802 2152 838 2216 in
862 2175 899 2217 ea
925 2175 994 2238 quaa
1019 2153 1163 2238 sequenti
1191 2175 1285 2233 anno,

284 2265 386 2348 pridie
421 2287 520 2330 nonas
557 2265 649 2344 Maii,
685 2263 840 2329 celebrata
877 2263 939 2329 fuit
976 2262 1110 2328 Eboraci
1155 2265 1285 2350 synodo,

284 2375 471 2455 roboratam,
506 2381 544 2440 ut
578 2381 646 2440 rata
675 2375 718 2439 sit
746 2379 780 2440 et
819 2373 854 2438 in
884 2379 1071 2458 perpetuum
1099 2374 1287 2440 inconcussa

284 2493 476 2569 permaneat,
509 2509 569 2572 ego
603 2485 760 2570 Rogerius
796 2483 1046 2570 archiepiscopus
1082 2485 1287 2550 Eboracensis

284 2597 487 2682 impressione
517 2596 614 2682 sigilli
646 2596 709 2662 mei
746 2593 975 2680 subscriptione
1011 2618 1124 2661 manus
1154 2597 1287 2682 proprias

285 2708 477 2774 confirmavi.
514 2733 515 2744 ¹

318 2829 394 2895 [This
404 2845 472 2890 casa,
485 2845 515 2880 as
525 2845 636 2893 appears
647 2829 738 2888 above,
749 2828 802 2876 had
813 2829 962 2892 previously
974 2843 1040 2891 gone
1052 2833 1081 2878 1ο
1091 2829 1137 2880 tha
1154 2843 1220 2893 pope
1232 2829 1287 2893 (bs·

283 2911 369 2958 twean
381 2909 445 2957 1145
456 2908 509 2957 and
520 2907 606 2972 1153),
617 2906 670 2957 and
679 2920 735 2956 was
745 2921 804 2954 now
816 2911 874 2954 1111
885 2906 953 2954 back
960 2907 1000 2954 lor
1008 2907 1078 2955 trial.
1110 2907 1194 2956 While
1200 2907 1289 2956 before

284 2985 330 3034 the
342 3000 415 3048 popo,
428 2985 526 3034 several
539 2983 699 3048 depositions
710 2996 778 3031 were
790 2985 855 3040 sent,
869 2982 970 3032 besides
982 2983 1098 3032 oharters
1110 2983 1141 3032 ol
1153 2985 1287 3033 confirma·

283 3060 944 3126 111111111111111011111111,Η111]1.,111
962 3061 1087 3123 Stephon,
1099 3061 1135 3109 all
1151 3077 1184 3111 on
1202 3061 1293 3111 behalt‘

284 3138 371 3188 11111
388 3139 484 3188 churoh
502 3143 531 3188 11
551 3139 710 3189 (1111111111.
744 3137 862 3200 Nothing
876 3138 899 3186 is
916 3137 973 3188 said
988 3135 1018 3187 11
1032 3139 1077 3187 111
1094 3138 1218 3188 evidenos
1229 3155 1288 3203 pro·

284 3214 367 3264 dnoed
377 3231 411 3265 on
422 3216 467 3264 the
477 3215 552 3264 other
562 3215 625 3264 side.
658 3215 713 3263 The
728 3213 833 3262 obanter
847 3213 878 3262 ol'
890 3213 1002 3262 william
1019 3215 1065 3264 the
1083 3215 1232 3279 (lonqneror
1242 3230 1288 3279 ap-

284 3305 360 3353 pears
377 3295 406 3340 1ο
416 3292 449 3340 11
461 3292 489 3340 in
500 3291 678 3340 confirmation
690 3290 721 3339 of
733 3289 894 3353 ajndgment
905 3291 933 3339 11
951 3291 1043 3340 favour
1053 3292 1083 3340 ol’
1096 3293 1142 3340 111
1152 3292 1250 3341 chnroh
1261 3295 1290 3341 at

285 3369 438 3418 Glaucestsr
445 3369 549 3431 against
560 3368 606 3417 the
616 3366 772 3428 archbishop
781 3365 809 3414 oi
815 3367 893 3415 Yorlr.
911 3367 938 3416 It
944 3367 998 3416 will
1008 3369 1039 3417 11
1048 3367 1129 3417 11111
1138 3373 1206 3428 mats,
1215 3384 1240 3431 p.
1248 3371 1289 3420 29.

317 3446 372 3495 'rna
383 3444 541 3507 depositione
552 3448 611 3494 1111
621 3449 650 3494 to
661 3444 706 3492 111
716 3457 784 3506 pope
794 3457 863 3492 wera
874 3457 903 3492 ss
914 3442 1014 3492 follows
1022 3441 1094 3507 :-]⁸

330 3557 595 3622 Reverentissimo
610 3557 694 3642 patri
716 3562 749 3621 et
767 3556 895 3621 domino
911 3557 1056 3641 Eugenio
1071 3581 1194 3623 summo
1209 3581 1288 3642 pon-

287 3667 377 3748 tifici,
392 3666 489 3733 frater
503 3669 649 3752 Rogerus
663 3666 760 3732 abbas
774 3665 1002 3746 Teokesbumae,
1017 3666 1157 3732 debitam
1180 3667 1289 3732 volun·

287 3779 368 3846 taria
383 3778 576 3862 subjectione
598 3777 815 3843 reverentiam.
863 3776 972 3842 Sciens
994 3777 1155 3842 neminem
1176 3778 1288 3843 debera

287 3889 437 3956 confundi
466 3910 569 3954 coram
599 3887 796 3954 sublimitate
821 3892 927 3953 vestra
955 3910 1011 3971 pro
1041 3887 1174 3952 veritate
1198 3888 1288 3952 testi·

286 4001 429 4067 monium
458 3999 603 4084 perhibeo
630 3997 766 4064 veritati.
813 3995 1057 4081 Quinquaginta
1079 3995 1230 4060 nimirum
1256 4004 1291 4062 et

286 4134 340 4176 sex
369 4111 461 4176 annis
490 4110 525 4175 in
553 4109 689 4175 confinio
722 4107 926 4173 Gloucestriae
958 4107 1069 4171 vivens
1107 4108 1142 4170 in
1177 4107 1290 4171 babitu

286 4221 456 4306 religionis,
480 4221 625 4286 omnibus
647 4219 709 4284 hiis
737 4218 804 4284 vidi
831 4217 1103 4286 Gloucestrensem
1129 4217 1290 4282 ecclesiam

322 4393 330 4426 ¹
344 4391 457 4442 Thomas
468 4398 482 4441 1
492 4392 598 4442 Beckat.
776 4389 787 4423 ¹
804 4388 924 4438 achron.
937 4387 1006 4437 1111.
1019 4387 1108 4438 Glouo.
1121 4387 1258 4436 110-112.
