3298 5162
713 645 883 689 sisinnus.
1234 629 1295 690 301

292 796 384 852 diebus
402 798 479 862 obiit,
491 801 561 854 etex
579 817 609 854 eo
629 817 711 871 usque
733 816 803 852 nunu
825 796 940 853 aeccissia
962 801 1059 852 terram
1080 797 1176 866 psrdit.
1215 797 1295 852 Hanc

289 889 364 940 tenet
375 885 454 941 modo
467 886 599 942 Robsrtus
611 886 747 942 denomits
760 886 883 958 Rugsrio,
891 890 919 941 st
926 889 1005 940 vasta
1012 889 1054 940 est
1063 889 1091 940 st
1101 889 1176 940 vastu
1185 886 1296 942 inventa

290 977 339 1028 nst.
377 972 418 1028 Ib.
431 974 485 1028 252
497 974 522 1030 b.

610 1128 739 1198 [Bisnon
756 1144 793 1183 os
812 1127 973 1198 Cassius]

327 1231 362 1286 In
385 1233 503 1287 manerio
524 1232 634 1289 liuberti
659 1231 707 1287 filii
732 1232 859 1304 Hugonis
883 1231 1080 1304 calumpniatur
1106 1231 1243 1303 spiscopus
1264 1232 1297 1288 ds

291 1319 383 1374 cestre
397 1320 436 1374 11.
450 1319 526 1374 hidas
544 1339 610 1392 quas
627 1319 659 1375 ds
677 1319 828 1391 episcopatu
849 1324 927 1375 erant
944 1325 1063 1391 tempore
1079 1319 1153 1374 Cnut
1173 1320 1251 1390 regis,
1270 1325 1298 1376 et

291 1408 434 1463 comitatus
447 1409 471 1463 ei
480 1409 650 1473 testificatur,
663 1410 726 1480 quis
739 1409 853 1463 Sanctus
864 1407 954 1464 Csddn
962 1408 1061 1480 injuste
1073 1407 1167 1480 perdit.
1182 1408 1295 1464 1b.263.

553 1592 676 1661 [Innsnu
690 1610 712 1645 v.
727 1591 826 1646 Rousn
839 1608 876 1646 os
890 1591 1025 1661 Posuou]

329 1693 369 1747 De
382 1693 430 1747 han
452 1697 523 1748 terra
545 1695 585 1762 [in
598 1692 747 1764 Orophills]
770 1694 822 1749 snit
840 1693 948 1748 saisitus
971 1694 1087 1750 libertus
1107 1695 1139 1751 ds
1161 1695 1232 1760 Laui,
1252 1694 1298 1750 ssd

290 1779 396 1849 quando
405 1781 535 1850 Itugerius
547 1780 719 1834 Pictaviensis
727 1780 827 1850 incoepit
836 1785 942 1843 terram,
952 1781 1057 1836 saisivit
1066 1781 1138 1836 istud
1147 1783 1296 1837 manerium

289 1883 368 1934 super
393 1865 531 1922 libertum.
570 1867 715 1938 Wapentuc
740 1871 830 1938 portat
851 1867 1036 1922 testimonium
1056 1868 1189 1924 libertum
1210 1870 1292 1924 fuisse

292 1952 426 2016 saisitum,
440 1953 518 2007 modo
530 1957 572 2008 est
584 1953 612 2007 in
624 1972 707 2008 manu
720 1953 799 2026 regis.
837 1954 878 2010 Ib.
893 1956 953 2011 291.

512 2124 626 2194 [Annon
644 2141 681 2180 on
698 2125 741 2180 Su.
762 2125 858 2181 Psnsn
871 2145 894 2179 v.
909 2125 1075 2196 Binnwxs]

328 2229 406 2282 Hanc
420 2228 531 2296 [terrum
543 2228 572 2281 in
586 2228 754 2297 Dodintuns]
768 2232 841 2283 tenet
854 2229 1003 2284 leduinus
1016 2230 1049 2284 de
1061 2249 1131 2300 rege,
1140 2229 1224 2285 abbas
1234 2249 1295 2284 vero

289 2316 387 2370 clamat
398 2316 431 2370 ad
444 2334 510 2386 opus
523 2316 614 2370 Sancti
628 2316 709 2380 Petri,
722 2317 876 2371 testimonio
885 2316 1025 2371 hominum
1039 2317 1122 2372 totius
1134 2318 1290 2373 comitatus.

293 2402 334 2456 lb.
348 2403 409 2460 370.

521 2541 601 2610 [Tan
620 2541 703 2596 Kuss
716 2542 778 2595 uA
797 2557 924 2596 cunnus
942 2541 1066 2612 Onnum]

328 2645 443 2715 Quidam
455 2646 564 2700 clericus
576 2645 679 2701 comitis
692 2647 723 2702 E.
737 2647 870 2701 invaserat
882 2645 972 2700 XLII.
987 2665 1068 2710 ueras,
1078 2651 1105 2701 et
1117 2646 1225 2701 tenebat
1237 2647 1297 2700 illas

292 2733 325 2787 nd
344 2734 452 2787 feudum
464 2733 568 2787 domitis
582 2733 623 2797 u..
635 2733 680 2787 sed
693 2731 813 2787 hundred
825 2752 868 2788 sss
880 2737 996 2788 testatur
1015 2734 1048 2788 sd
1064 2733 1194 2805 Neuport.
1214 2738 1241 2788 et
1257 2735 1297 2788 its

292 2822 370 2875 modo
388 2819 469 2875 habet
481 2839 533 2876 rex.
571 2821 687 2876 Clericus
700 2841 761 2876 vero
769 2821 908 2892 judicatus
920 2825 961 2876 est
974 2821 1001 2875 in
1019 2821 1198 2876 misericordia
1214 2822 1294 2892 regis,

293 2908 365 2964 etde
378 2911 451 2966 omni
464 2927 547 2974 censu,
560 2913 586 2965 et
600 2909 632 2964 de
643 2929 749 2982 corpore
762 2927 818 2964 suo.
855 2910 872 2964 2
885 2909 1046 2981 Doomsdsy‚
1059 2909 1084 2966 7.

363 3091 442 3163 [Tus
462 3092 780 3148 K1usv.0uunenos
800 3093 843 3147 Si.
857 3092 964 3147 Psusn.
1002 3092 1096 3146 Fines
1116 3091 1226 3162 Wmn]

327 3206 385 3260 Heu
396 3209 467 3260 terra
480 3205 521 3274 [in
533 3204 691 3275 Phantunn]
704 3204 887 3275 calumpniata
899 3209 939 3259 est
952 3204 986 3258 sd
998 3223 1065 3275 opus
1078 3205 1148 3276 rsgis
1161 3204 1231 3276 quod
1250 3222 1297 3275 pur

293 3292 393 3346 fulsum
405 3292 511 3348 brevem
522 3293 627 3346 venerit
638 3291 672 3346 sd
681 3291 815 3346 ecelesiam
830 3291 935 3360 [Sancti
949 3290 1045 3360 Petri]
1083 3291 1124 3346 lb.
1139 3293 1180 3345 14.

383 3481 525 3550 [Cnuncn
545 3497 582 3534 os
599 3480 662 3535 En!
674 3499 698 3532 v.
711 3477 782 3534 Ono.
821 3479 967 3535 Voucmsn
979 3496 1014 3535 uo
1033 3480 1206 3549 winusus]

327 3584 385 3639 Odo
403 3586 483 3640 homo
502 3583 583 3639 Suani
602 3585 701 3656 sucepit
718 3583 751 3638 X.
769 3603 851 3649 serus,
869 3602 928 3655 quae
945 3583 1056 3638 fuerunt
1073 3583 1104 3638 ds
1123 3583 1230 3638 ecclesia
1249 3583 1294 3652 [ds

290 3671 356 3742 Eli}
370 3676 398 3727 st
410 3672 530 3727 hundred
543 3672 592 3726 hou
605 3675 730 3734 testatur,
743 3671 788 3726 sed
800 3677 878 3726 vocat
890 3671 1027 3726 dominum
1037 3671 1156 3724 suumnd
1168 3675 1293 3725 tutorem.

292 3760 333 3814 Ib.
348 3763 382 3815 18
395 3758 419 3817 b.

520 3927 560 3996 [A
578 3942 704 3982 cunnum
725 3926 869 3982 Fanum
884 3945 907 3978 v.
920 3925 1061 3995 Tononn]

326 4031 440 4101 Quidam
453 4031 520 4086 liber
530 4032 610 4086 homo
623 4032 713 4086 tenuit
727 4032 754 4085 in
774 4030 922 4086 Eilessorda
932 4029 1069 4084 dimidiam
1083 4029 1182 4092 hidam,
1195 4047 1273 4102 quem
1286 4033 1293 4065 ¹

292 4121 393 4176 invasit
414 4119 542 4175 'Poroidus
566 4119 635 4174 sicut
655 4119 735 4174 uliam
757 4123 863 4182 terram,
884 4123 910 4172 st
934 4117 1040 4190 quando
1060 4116 1164 4187 recepit,
1184 4116 1295 4171 dimidia

301 4240 638 4249 ——..--.....-.--———
659 4240 688 4246 .-
920 4234 1136 4244 -.—-—---.--
1159 4231 1290 4240 ..-—.

724 4303 731 4336 ¹
744 4317 832 4371 quam.
