3286 5150
344 621 408 684 248
589 638 724 682 rmcrrs
746 636 1091 682 snam-nonninmcs.

349 817 469 902 [Paron
483 836 523 880 os
541 816 707 880 Hosrrrsn
722 833 762 878 os
779 815 970 878 Jssussunn
985 835 1012 879 o.
1029 815 1142 876 Annon
1162 811 1324 895 Huncin]
1342 814 1349 846 ¹

347 963 460 1028 [Beeord
472 964 501 1012 oi
508 963 680 1025 composition
692 961 722 1012 oi
730 977 746 1010 e
756 962 889 1026 litigation
899 955 1056 1024 concoming
1066 963 1190 1022 property
1201 959 1228 1006 in
1240 958 1350 1020 thcpos·

457 1041 555 1089 session
567 1040 597 1088 oi
605 1041 649 1089 the
661 1039 809 1098 defendant,
821 1038 873 1088 and
884 1037 991 1087 claimed
1003 1038 1038 1102 by
1050 1037 1095 1086 the
1107 1034 1241 1100 plaintiii]

349 1167 544 1244 Hismarus,
561 1163 622 1229 Dei
646 1163 751 1248 gratia
768 1163 981 1249 Cycestreusis
1007 1163 1179 1248 episcopus,
1206 1161 1352 1227 omnibus

349 1275 465 1340 Matris
497 1275 642 1340 Ecclesiae
672 1276 745 1340 tiliis
778 1276 816 1340 ad
849 1298 926 1360 quos
956 1281 1043 1340 carte
1074 1275 1137 1339 ista
1167 1273 1352 1359 pervenerit,

349 1387 492 1451 salntem.
546 1387 664 1450 Nullus
681 1384 741 1453 erit
758 1385 863 1451 litium
880 1385 951 1451 linis
967 1385 994 1450 si
1008 1409 1057 1450 res
1072 1385 1165 1451 semel
1183 1383 1353 1450 terminata

348 1504 431 1562 recte
447 1496 567 1561 iteratis
583 1497 844 1582 refragationibus
860 1496 1068 1582 perturbetur.
1097 1497 1183 1580 Papa
1198 1495 1352 1580 siquidem

350 1609 529 1673 Alexander
553 1631 688 1687 causam,
705 1631 774 1694 quae
799 1607 882 1674 inter
908 1608 1131 1672 monasterium
1155 1607 1240 1671 beati
1268 1606 1352 1670 Petri

352 1719 553 1784 Gloucestriae
589 1705 630 1784 et
665 1719 851 1804 hospitalem
895 1720 1023 1783 domum
1061 1716 1352 1783 Jerosolomitanam

350 1853 441 1913 super
455 1829 583 1894 ecclesia
600 1830 800 1895 Quenintonc
811 1825 1002 1908 vertebatur,
1011 1827 1091 1892 milri
1105 1827 1352 1914 cognoscendam

350 1939 641 2024 terminandamque
657 1939 827 2025 delegavit.

397 2053 499 2116 Causa
528 2058 633 2115 autem
664 2052 729 2114 haec
758 2057 834 2116 erat.
879 2050 988 2115 Abbas
1018 2055 1051 2116 et
1081 2048 1226 2114 monachi
1256 2047 1354 2132 ipsius

352 2161 531 2226 monasterii
569 2162 672 2246 quiete
701 2169 734 2227 et
766 2163 833 2226 sine
864 2160 997 2246 alicujus
1029 2160 1246 2226 reclamatione
1276 2160 1353 2223 duas

351 2274 464 2357 garbas
480 2274 669 2338 decimarum
683 2273 826 2352 dominii,
847 2279 879 2336 ct
902 2296 998 2337 uuam
1024 2271 1180 2356 virgatam
1207 2277 1295 2336 terra
1321 2269 1353 2332 in

352 2385 459 2448 eadem
477 2385 551 2448 villa
577 2384 789 2469 possidebant.
833 2383 1005 2448 Ecclesiam
1030 2405 1150 2468 quoque
1174 2381 1270 2467 ipsius
1295 2381 1354 2446 loci

352 2518 423 2558 cum
439 2495 503 2558 suis
519 2495 716 2579 pertinentiis
732 2495 910 2560 asserebant
935 2495 1018 2579 prior
1032 2499 1065 2559 et
1081 2494 1189 2558 fraires
1215 2492 1354 2576 praedicti

353 2605 517 2690 hospitalis
551 2629 601 2670 cos
638 2607 756 2691 injuste
787 2627 963 2690 occupasse,
992 2610 1024 2670 et
1053 2611 1162 2669 contra
1197 2603 1353 2688 justitiam

352 2715 500 2782 detinere.
547 2717 621 2781 Post
653 2717 770 2781 multas
800 2716 905 2801 itaque
935 2715 1009 2780 hinc
1040 2715 1112 2778 inde
1142 2713 1355 2798 allegationes

352 2828 593 2892 controversiam
618 2827 730 2913 ipsam,
755 2826 1038 2913 utriusquepartis
1062 2849 1198 2905 assensu,
1213 2825 1247 2889 in
1272 2826 1355 2889 hunc

354 2939 482 3002 modum
511 2938 647 3002 amicali·
665 2939 888 3023 compositione
918 2937 1166 3003 terminavimus.
1222 2936 1355 3000 Prmiata

354 3051 464 3113 domus
495 3049 658 3132 hospitalis
690 3049 812 3113 tenebit
841 3049 907 3132 jam
941 3049 1057 3115 dietam
1089 3047 1248 3112 ecclesiam
1282 3070 1352 3111 curn

353 3159 474 3224 duabus
497 3159 604 3242 garbis
627 3159 759 3222 dominii
783 3167 815 3224 et
838 3161 963 3244 virgata
990 3167 1080 3225 terrae
1109 3159 1141 3223 in
1171 3166 1353 3244 perpetuum

354 3267 481 3334 nomine
496 3269 687 3349 monasterii,
701 3276 733 3333 et
759 3269 788 3333 ei
814 3271 978 3334 annuatim
999 3271 1072 3335 inde
1092 3270 1219 3334 nomine
1245 3293 1356 3335 census

354 3381 431 3444 duas
457 3401 575 3442 marcas
599 3380 724 3463 argenti
747 3380 913 3465 persolvet.
959 3382 1185 3446 Verumtamen
1211 3379 1356 3444 veniente

355 3491 493 3556 Roberto
520 3490 641 3569 clerico,
667 3514 749 3555 nuno
780 3492 920 3576 ejusdem
949 3491 1086 3556 ecclesiae
1108 3514 1250 3575 persona,
1274 3490 1358 3574 prior

355 3601 528 3686 hospitalis,
551 3600 605 3686 qui
629 3625 684 3686 pro
710 3608 849 3687 tempore
873 3601 944 3676 fuit,
966 3625 1062 3666 unam
1078 3601 1243 3666 dimidiam
1265 3603 1357 3666 dnm-

354 3719 443 3777 taxat
458 3736 596 3777 marcam
613 3713 737 3798 argenti
751 3713 915 3777 annuatim
932 3713 1120 3777 monasterio
1136 3713 1247 3793 solvet,
1262 3736 1356 3798 qnam

354 3847 373 3887 a
404 3824 543 3887 Roberto
580 3825 745 3888 annuatim
777 3823 937 3908 percipiet,
968 3823 1048 3886 nihil
1075 3823 1212 3908 amplius
1245 3824 1285 3887 ab
1322 3847 1358 3888 eo

354 3935 481 3998 nomine
512 3934 647 3998 ecclesiae
681 3935 729 3999 vel
760 3935 945 4019 supradictae
974 3935 1104 3998 decimae
1131 3934 1197 3999 sive
1227 3935 1358 4018 virgata

354 4051 444 4108 terrae
458 4046 624 4129 petiturus.
671 4047 764 4111 Quod
782 4047 808 4109 si
824 4047 935 4109 domus
951 4045 1113 4130 hospitalis
1130 4045 1204 4109 huic
1219 4053 1358 4110 transac-

353 4153 435 4219 tioni
457 4178 519 4219 non
541 4157 675 4234 steterit,
697 4156 885 4220 monasterio
905 4156 1012 4219 licebit
1028 4157 1163 4220 ecclesia
1180 4156 1357 4221 stelionum

571 4342 579 4376 ¹
599 4341 722 4388 tehron.
735 4341 803 4387 Mon.
817 4339 907 4388 Glono.
919 4341 951 4388 93
964 4340 1035 4400 (lice.
1047 4341 1139 4400 Com).
