3298 5162
355 601 420 663 30l
779 629 951 674 uueuunrx.

425 773 463 842 [A
483 789 608 828 esurus
629 774 783 832 Fuscus.
822 777 920 830 Pnoor
940 791 977 828 nr
996 777 1116 832 Orneus
1136 777 1290 846 urrunnu]

392 888 484 942 Unum
497 907 529 942 ex
542 887 594 941 illis
607 891 705 955 septem
716 885 832 953 [liberis]
843 886 876 938 tle
886 885 1016 938 Tsscburc
1028 887 1227 957 calumpniatur
1240 891 1363 950 Hermer,

354 981 382 1030 et
395 975 503 1044 quidum
521 974 650 1042 Anglicus
669 989 734 1024 suus
753 971 831 1022 lioruo
843 989 874 1022 cx
888 969 936 1020 hcc
954 969 1031 1020 offert
1045 969 1188 1035 judicium,
1206 977 1277 1044 quod
1296 994 1363 1029 suus
1402 963 1406 970 ’

355 1067 504 1114 antecessor
521 1067 578 1114 erut
599 1077 630 1112 ex
650 1075 679 1112 co
699 1055 806 1108 saisitus
825 1053 868 1106 die
886 1069 938 1119 qus
956 1067 1000 1101 rex
1015 1049 1162 1104 Edwardus
1176 1057 1253 1111 vivus
1267 1061 1320 1114 luit
1334 1065 1363 1115 et

356 1151 485 1208 mortuus,
499 1151 525 1200 ct
544 1145 592 1199 hoc
608 1140 762 1197 contradicit
781 1143 852 1192 totus
866 1133 986 1190 hundred
999 1134 1041 1188 vel
1058 1133 1127 1188 bello
1141 1138 1180 1190 vel
1195 1139 1309 1207 judicio,
1329 1166 1360 1198 ex

353 1233 402 1288 hoc
415 1233 487 1288 dedit
500 1232 544 1286 ille
557 1228 687 1300 Anglicus
700 1225 802 1280 vadem.
838 1222 879 1276 Ib.
895 1223 953 1276 190.

352 1499 450 1570 [Lrun
468 1517 504 1554 or
518 1497 657 1551 Wrunmu
678 1512 715 1551 nn
728 1496 755 1551 S.
792 1496 858 1550 Tun
877 1495 961 1550 Kueu
974 1511 1115 1550 voucunn
1133 1495 1353 1565 relincuere]

389 1613 464 1667 lianc
477 1617 573 1666 terrem
585 1609 626 1680 [in
642 1607 853 1672 Eclcmmrtuns]
868 1608 956 1663 tenuit
976 1607 1108 1670 Rufrium,
1122 1613 1148 1661 ct
1160 1625 1246 1661 comcs
1258 1607 1356 1662 Rudul·

351 1699 396 1754 fus
409 1697 586 1753 derationavit
604 1697 752 1760 dimidiam,
765 1702 792 1751 ct
810 1696 897 1750 tenuit
917 1715 946 1750 ea
965 1695 1007 1749 die
1026 1713 1078 1764 quu
1097 1693 1235 1747 forisfecit.
1274 1694 1356 1748 lllodc

350 1805 408 1841 eam
421 1791 494 1840 tenet
508 1785 606 1840 Uroius
619 1785 698 1839 homo
719 1783 822 1839 leufridi
839 1783 872 1836 sd
893 1782 1000 1835 feudum
1016 1779 1143 1834 Willelmi
1162 1780 1194 1834 de
1213 1781 1322 1836 Scuhies
1334 1787 1360 1836 ct

352 1877 455 1928 revocat
468 1892 556 1944 regem
567 1873 598 1927 nd
613 1877 738 1928 tutorem.
776 1868 916 1925 1b.221b.

645 2126 763 2195 [Rocnn
782 2124 875 2179 Broor
894 2143 917 2180 v.
937 2121 1063 2191 Renes]

386 2238 466 2294 Hanc
485 2243 582 2293 terrum
607 2242 681 2292 tenet
702 2237 834 2292 liudulfus
860 2235 887 2289 iu
908 2235 1052 2288 Nekctuna
1074 2233 1119 2288 sed
1145 2252 1197 2288 non
1217 2229 1303 2302 jacuit
1326 2226 1353 2280 in

351 2328 495 2382 Neketuns
506 2330 624 2396 tempore
636 2325 707 2394 regis
726 2323 852 2378 Edwardi
873 2341 920 2376 nec
933 2327 1051 2391 tempore
1065 2320 1185 2384 Hcroldi,
1198 2323 1224 2372 ct
1239 2317 1356 2386 Rogems

350 2415 432 2486 Bigot
445 2433 501 2470 eam
516 2415 621 2468 revocat
634 2411 666 2466 de
678 2411 746 2466 dono
759 2409 838 2481 regis,
852 2414 879 2464 et
891 2413 997 2464 revocat
1009 2407 1187 2462 liberatorem.
1225 2403 1268 2459 lb.
1282 2403 1345 2458 236.

604 2663 721 2734 [illurn
735 2677 773 2716 nu
785 2657 833 2714 W.
847 2677 872 2713 v.
885 2656 982 2710 Bonrr
997 2669 1035 2708 nn
1047 2650 1109 2721 W.]

387 2779 436 2834 Hii
458 2778 574 2848 [XIIII.
600 2775 676 2831 liberi
700 2772 834 2840 homines]
855 2770 965 2823 luerunt
995 2763 1174 2821 commendati
1200 2761 1359 2816 antecessori

353 2867 457 2923 Rudulli
471 2867 503 2921 de
516 2865 603 2928 Waer,
619 2867 680 2934 post
699 2859 805 2915 liberati
825 2862 889 2912 sunt
911 2854 998 2909 Bodiu
1017 2852 1049 2906 de
1069 2851 1124 2905 Uer
1141 2869 1172 2904 cx
1191 2851 1265 2918 parte
1278 2847 1357 2916 regis.

351 2954 448 3008 Postcu
460 2950 638 3007 derationuvit
650 2969 693 3002 eos
705 2947 740 3001 nd
759 2964 837 3000 suum
857 2941 975 3004 feudum,
989 2937 1127 3001 liudulfus,
1140 2940 1167 2990 ct
1179 2952 1260 3004 quum
1281 2933 1356 2986 soris-

350 3041 414 3096 lecit
427 3037 534 3093 wnebat
554 3055 605 3100 eos,
621 3034 743 3089 Herueus
764 3033 796 3086 de
811 3030 867 3084 Uer
887 3029 919 3083 dc
942 3028 995 3083 illo.
1034 3026 1093 3079 lloc
1106 3023 1218 3078 testatur
1230 3018 1356 3072 hundret.

352 3127 393 3185 Ib.
408 3127 471 3181 242.

601 3351 753 3418 [Bursian
765 3365 788 3400 u.
803 3345 930 3406 leonum,
944 3341 1002 3396 Son
1018 3356 1054 3394 os
1067 3337 1111 3406 0.]

390 3468 544 3529 lictbertusu
576 3463 645 3517 filius
674 3457 845 3516 corbutionis
876 3452 1074 3524 calumpniatur
1105 3449 1172 3501 hunc
1198 3449 1295 3500 terram
1317 3441 1357 3510 [in

354 3553 536 3622 &disgressi
555 3569 586 3604 ex
602 3548 758 3603 liberatione
778 3545 822 3598 sed
842 3539 993 3596 Buiuardus
1009 3537 1124 3608 primum
1139 3534 1191 3586 suit
1203 3530 1319 3593 saisitus,
1332 3532 1359 3582 et

352 3645 412 3714 post
425 3638 567 3694 Rotbertus
581 3649 608 3691 ct
621 3633 741 3689 hundred
754 3631 837 3685 nescit
850 3627 990 3700 quomodo.
1028 3622 1067 3678 lb.
1083 3619 1170 3676 2531).

644 3895 817 3964 [Surnnrron
836 3903 873 3943 or
893 3882 1063 3951 Faunum]

389 4012 430 4067 De
442 4009 501 4065 istis
514 4006 623 4078 [XVII.
633 4005 724 4060 liberis
732 4000 899 4068 hominibus]
910 3995 1108 4066 calumpniatur
1117 3992 1141 4047 l.
1150 3990 1266 4046 serviens
1279 3986 1359 4060 regis,

353 4099 387 4154 ud
399 4097 510 4153 feudum
522 4093 626 4149 liudulfi
640 4090 754 4154 comitis,
764 4087 850 4142 Xlll.
860 4090 887 4139 et
899 4083 1049 4144 dimidium,
1059 4099 1125 4152 quos
1134 4077 1242 4133 tenebat
1254 4073 1360 4146 quaudo

354 4205 381 4239 sc
400 4183 526 4238 forisfecit
544 4197 717 4252 quocumque,
727 4175 828 4248 judicio
843 4171 979 4245 judicatus
992 4173 1019 4223 et
1040 4167 1089 4220 hoc
1102 4163 1222 4219 hundred
1234 4165 1359 4220 testatur,

354 4277 380 4327 ei
395 4265 698 4326 teneutIaXXX.ncms
718 4271 795 4324 terre,
820 4265 847 4314 ct
872 4257 913 4312 11.
938 4274 1010 4310 acras
1034 4253 1114 4326 prati,
1138 4255 1167 4305 et
1187 4248 1308 4310 reddunt,
1330 4245 1358 4298 iu

353 4357 491 4426 Suariugs,
505 4353 597 4408 XVII.
611 4351 715 4414 solidos,
728 4355 754 4404 ct
763 4347 836 4401 llll.
849 4346 875 4399 d.
913 4344 953 4398 lb.
967 4343 1027 4396 258.
