3286 5150
723 629 834 675 urrur
855 629 892 673 11.
1244 611 1308 675 219

307 780 396 868 aquis
410 788 443 848 et
462 781 615 868 piscariis,
628 782 663 846 in
678 782 740 847 viis
762 787 795 848 et
817 780 948 861 semitis,
964 785 998 846 et
1019 780 1053 844 in
1073 779 1221 846 omnibus
1235 780 1305 846 aliis

305 893 381 959 locis
395 899 428 958 ct
443 893 513 958 aliis
524 895 615 959 rebus
630 893 669 958 ad
685 915 754 958 eam
769 892 1011 978 pcrtinentibus,
1023 895 1056 958 et
1070 913 1144 956 cum
1159 892 1305 958 omnibus

305 1003 504 1069 libertatibus
519 1009 552 1068 et
573 1003 679 1068 liberis
694 1002 975 1068 consuetudinibus
997 1003 1074 1082 suis,
1096 1002 1179 1068 sicut
1199 1025 1305 1068 coram

307 1135 357 1178 me
381 1133 563 1178 concessum
588 1114 651 1178 fuit
682 1119 716 1179 et
744 1115 1036 1179 conventionatum.
1090 1113 1238 1179 'festibus
1263 1115 1304 1180 G.

306 1224 413 1303 electo,
429 1225 463 1289 id
486 1230 545 1304 est,
571 1224 817 1305 Northwiccusi,
841 1226 946 1290 Adam
971 1224 1011 1290 de
1038 1227 1155 1290 Sancto
1183 1225 1305 1310 Amph,

307 1335 469 1421 episcopis,
483 1335 617 1400 Ricardo
632 1337 671 1401 de
687 1335 778 1415 Luci,
794 1335 955 1400 Willclmo
976 1335 1041 1401 filio
1061 1335 1147 1415 Ald„
1162 1335 1305 1422 dapiferi,

308 1445 445 1512 Radulfc
459 1447 525 1512 lilio
542 1447 603 1528 St,
616 1447 780 1513 camerarii
788 1473 799 1526 3
822 1447 906 1531 apud
921 1446 1131 1513 wintoniam.

314 2190 442 2276 [Aaron
458 2189 598 2253 Harum
614 2212 643 2253 c.
659 2190 690 2252 A
706 2207 843 2254 orarum
858 2189 996 2258 Prason.
1025 2193 1304 2258 Eoonusnisrronu.

750 2300 875 2386 11·75.]¹

309 2459 424 2526 [accord
435 2459 464 2508 of
471 2459 609 2523 judgrnent
619 2460 741 2509 obtained
752 2460 788 2524 by
798 2461 845 2509 the
855 2461 972 2524 pluintiff
978 2477 1008 2512 us
1019 2466 1048 2511 to
1066 2477 1083 2512 a
1100 2463 1199 2512 certain
1210 2464 1307 2514 chunoh

373 2554 444 2601 upon
454 2553 489 2587 au
499 2539 651 2601 inquisition
662 2539 714 2588 and
724 2538 848 2599 oharters,
856 2540 883 2588 in
894 2555 911 2589 a
919 2540 1093 2603 ohapterhcld
1101 2541 1135 2606 by
1144 2543 1307 2593 commissioni

374 2616 404 2665 of
411 2617 456 2664 the
467 2631 534 2679 pope
544 2617 631 2666 before
642 2617 735 2679 bishop
746 2617 831 2666 David
841 2617 871 2666 ol'
878 2615 928 2682 BL]

309 2741 431 2820 Dnvrn,
448 2739 510 2805 Dei
532 2740 638 2824 gratia
658 2739 861 2805 Mencvensis
883 2741 1055 2826 episcopus,
1070 2742 1217 2807 omnibus
1239 2748 1307 2807 tum

308 2851 428 2917 clericis
442 2875 537 2936 quam
552 2851 639 2915 laicis
660 2873 715 2936 per
730 2850 897 2936 dyoeccsim
912 2875 1001 2917 suam
1017 2854 1208 2934 constitutis,
1224 2855 1307 2919 salu-

308 2969 374 3027 tem
400 2968 432 3028 et
455 2961 713 3027 benedictionem.
757 2962 893 3027 Causam
918 2963 1144 3028 venerabilium
1173 2964 1307 3029 fratrum

309 3080 489 3139 nostrorum
519 3072 642 3138 abbatis
665 3078 698 3138 et
723 3074 951 3138 monachorum
982 3073 1186 3140 Gloucestriae
1216 3097 1308 3160 super

309 3185 437 3250 ecclesia
454 3184 564 3250 Sancti
579 3184 719 3264 Paterni,
735 3207 831 3268 quam
853 3185 981 3269 quidam
996 3190 1136 3270 tempore
1151 3185 1307 3251 hostilita-

308 3295 352 3360 tis
375 3295 453 3378 ipsis
476 3294 684 3374 abstulerunt,
708 3300 741 3359 ct
770 3295 939 3379 aliquantis
962 3296 1158 3380 temporibus
1187 3296 1308 3379 injuste

307 3404 511 3469 detinuerunt
526 3409 720 3487 occupatam,
735 3426 754 3467 a
776 3405 903 3468 domino
917 3411 950 3469 et·
971 3410 1059 3489 patre
1077 3407 1209 3470 Summo
1224 3405 1306 3469 Pon-

308 3516 392 3580 tifice
407 3515 586 3579 Alexandro
608 3513 699 3578 nobis
720 3514 899 3598 delegatam
914 3515 1105 3598 suscepimus
1120 3507 1306 3599 cognosceri-

308 3626 430 3704 dam,et
439 3624 501 3688 fine
511 3624 907 3710 debito,appellationeuon
917 3624 1306 3705 admissa,termiuandam.

309 3735 489 3820 Diligenter
510 3735 616 3820 itaque
638 3735 770 3800 veritate
792 3735 943 3820 inquisita
964 3740 997 3800 et
1018 3735 1157 3820 cognita,
1179 3740 1246 3798 tam
1269 3758 1308 3799 ex

308 3845 476 3911 autenticis
491 3845 615 3930 scriptis
626 3867 733 3910 eorum
748 3846 839 3910 nobis
854 3868 908 3932 per
923 3845 1035 3909 fratres
1047 3867 1119 3909 suos
1129 3845 1149 3907 J
1151 3845 1308 3908 ohannem

307 3962 340 4022 et
354 3956 536 4041 Philippum
551 3956 753 4035 transmissis,
770 3979 864 4042 quam
886 3979 925 4021 ex
947 3955 1088 4020 unanimi
1104 3955 1309 4020 attestatione

308 4069 407 4132 totius
428 4066 560 4152 capituli
574 4066 685 4146 nostri,
701 4067 848 4151 quoniam
863 4067 970 4132 eadem
986 4065 1115 4132 ccclesia
1128 4066 1168 4130 ad
1183 4087 1307 4130 monas-

307 4179 422 4243 terium
436 4179 504 4263 jam
519 4177 676 4241 dictorum
692 4178 825 4242 fratrum
839 4179 878 4244 de
892 4178 961 4262 jure
983 4178 1165 4262 pertineret,
1177 4176 1308 4242 eandem
1418 4225 1420 4232 s

523 4352 531 4385 ¹
548 4353 564 4399 2
577 4353 669 4400 Chrou.
677 4351 745 4402 Mon.
757 4353 845 4403 Glouo.
855 4351 888 4405 76
899 4352 970 4418 (lieo.
983 4352 1074 4415 com).
