3280 5132
293 679 297 688 ·
374 654 414 712 52
623 669 752 712 amorra
778 667 1126 714 suono-uonnaumca.

706 912 835 997 [hauns
858 932 894 976 ru
919 912 1046 994 Rrsnn]

418 1073 456 1136 In
490 1073 579 1137 Risbi
607 1075 721 1139 habuit
748 1073 862 1139 Gamel
885 1074 971 1138 lIII.
996 1079 1157 1136 carucatas
1182 1077 1265 1134 terre
1297 1091 1376 1154 quas

250 1271 253 1282 Ι
313 1193 327 1218 ’
375 1185 518 1250 vendidit
532 1186 681 1250 AEldredo
696 1185 936 1270 archiepiscop0‚
956 1189 1096 1267 tempore
1112 1182 1196 1266 regis
1213 1180 1375 1244 Willelmi

375 1294 425 1359 Dc
440 1295 498 1360 hac
514 1303 596 1360 terra
606 1296 708 1379 jacuit
732 1296 807 1360 olim
831 1318 901 1359 soca
922 1296 957 1358 in
980 1293 1150 1371 Wclleton,
1164 1293 1217 1356 sed
1240 1293 1375 1356 Thomas

375 1405 624 1490 archiepiscopus
639 1407 752 1470 habuit
773 1407 899 1471 brevem
922 1405 1006 1489 regis
1029 1404 1193 1480 willelmi,
1205 1425 1260 1487 per
1282 1425 1373 1486 quem

375 1517 527 1581 concessit
536 1517 635 1601 ipsam
646 1540 749 1582 socam
765 1516 902 1601 quietam
916 1517 1032 1580 Sancto
1044 1514 1182 1578 Iohanni
1193 1513 1231 1577 de
1242 1511 1376 1578 Beureli.

376 1626 532 1690 Similiter
548 1627 587 1692 dc
611 1627 696 1692 IIII.
719 1628 873 1692 carucatis
899 1633 980 1692 terre
1010 1623 1044 1690 in
1069 1625 1277 1690 Walchinton
1306 1647 1373 1708 per-

376 1737 500 1801 tinebat
531 1759 602 1802 soca
627 1738 668 1802 ad
696 1739 864 1818 Welleton‚
880 1738 934 1803 sed
958 1761 1013 1802 rex
1038 1735 1220 1801 Willelmns
1245 1735 1375 1799 donavIt

376 1870 444 1912 eam
462 1848 601 1932 quietam
621 1848 756 1914 Eldredc
783 1849 1022 1933 archiepiscopo,
1050 1854 1187 1912 testante
1213 1851 1375 1930 wapentac

376 1960 431 2044 qni
446 1960 572 2024 brevem
588 1960 671 2044 regis
687 1959 759 2025 inde
775 1959 858 2024 vidit
873 1965 905 2023 et
920 1958 1052 2025 audivit.

679 2520 790 2605 [Lanu
811 2541 851 2585 an
873 2518 1077 2601 Innocuam]

422 2707 462 2769 In
478 2703 677 2789 Wesreding.
724 2705 879 2770 Homines
894 2705 932 2769 dc
952 2705 1145 2768 Barchestcn
1163 2707 1324 2787 wapentac
1344 2707 1377 2765 et

377 2817 415 2882 dc
432 2817 575 2881 Siraches
590 2822 752 2900 wapentac
767 2817 933 2900 perhibent
949 2815 1091 2880 Osberno
1111 2815 1149 2878 de
1172 2813 1263 2877 Arcis
1287 2812 1376 2878 testi·

378 2926 532 3005 monium,
547 2926 631 3011 quod
647 2927 819 2991 Gulbertns
834 2933 1010 2992 antecessor
1019 2926 1086 3010 ejus
1113 2924 1225 2989 habult
1250 2946 1376 2988 omnem

377 3039 547 3115 Turonum,
571 3037 717 3101 nesciunt
739 3038 828 3120 eujus
852 3037 944 3102 donc.
998 3036 1038 3101 Id
1062 3043 1110 3101 cst
1136 3036 1220 3099 IIII.
1238 3035 1378 3099 maneria

380 3149 478 3211 VIII.
494 3153 645 3212 carucatae
660 3153 759 3213 terrae.
805 3147 867 3212 Sed
893 3147 996 3212 omnis
1019 3148 1178 3211 Tornoure
1194 3146 1280 3210 sedet
1294 3146 1379 3211 infra

379 3264 497 3322 metam
513 3257 634 3322 castelli
650 3258 798 3338 Huberti,
813 3258 984 3324 secundum
1000 3257 1135 3342 primam
1151 3279 1329 3322 mensuram
1344 3263 1378 3322 et

380 3369 550 3435 secundnm
567 3368 770 3435 verissimam
786 3391 966 3436 mensnram
982 3367 1069 3434 sedet
1084 3373 1182 3434 extra.

469 3981 600 4064 [Rocnn
622 4000 664 4045 nn
685 3981 789 4045 Busnr
810 4001 840 4044 c.
865 3980 1023 4044 Wrnnuu
1046 3999 1089 4042 nn
1110 3978 1311 4062 waramum]

426 4139 583 4204 Homines
599 4139 636 4204 de
654 4137 830 4204 Strafordes
845 4145 1007 4223 wapentac
1022 4139 1232 4204 testificantur
1247 4139 1287 4202 ad
1301 4159 1380 4223 opus

383 4250 537 4315 Willelmi
549 4251 590 4315 dc
605 4251 775 4329 Warenna,
790 4250 836 4316 11.
850 4256 1011 4314 carucatas
1025 4249 1064 4314 de
1078 4255 1162 4314 terra
1178 4249 1324 4314 Sinuardi
1346 4249 1380 4312 in

384 4361 535 4440 Clfftnne,
551 4383 646 4446 quam
661 4359 819 4424 clamabat
834 4361 978 4443 Rogerus
993 4359 1031 4425 de
1048 4360 1147 4424 Busli.
