3286 5150
639 684 748 730 aaran
772 685 809 732 11.
1181 669 1244 732 227

245 833 371 901 batibus
386 836 426 901 ad
452 835 647 921 Savigneum
670 835 912 921 pertinentibus,
931 837 1076 904 salutem.
1120 839 1245 905 Notum

244 946 333 1012 vobis
355 945 487 1012 facimus
508 946 592 1031 quod
612 953 779 1031 postquam
802 945 980 1012 audivimus
1003 946 1148 1014 abbatem
1171 949 1244 1015 Ma·

244 1056 354 1121 theum
379 1058 419 1122 de
445 1057 623 1141 Basingnec
648 1057 876 1143 querimoniam
905 1056 1014 1123 fecisse
1042 1058 1078 1122 in
1108 1059 1244 1145 capitulo

246 1167 446 1234 cisterciensi
461 1169 499 1234 de
514 1168 626 1234 abbate
642 1167 802 1233 Rannulfo
816 1167 855 1234 de
871 1167 1027 1250 Billewas,
1043 1169 1127 1254 quod
1149 1169 1243 1236 abba·

242 1276 304 1342 tias
326 1278 364 1344 de
379 1279 556 1364 Basinguee
577 1279 672 1345 etde
693 1279 835 1344 Dublina
856 1301 933 1364 quas
958 1302 1013 1364 per
1037 1280 1243 1364 Savigneium

242 1389 388 1470 habebat,
404 1397 512 1456 contra
526 1390 660 1456 sormam
675 1389 792 1454 ordinis
814 1396 911 1468 tenet,
927 1391 1067 1475 utrisque
1082 1392 1243 1457 mandavi·

243 1523 314 1566 mus
328 1507 454 1586 propter
463 1501 581 1567 bonum
597 1501 682 1586 pacis
696 1507 734 1566 ut
747 1506 821 1565 ante
837 1507 961 1585 tempus
969 1501 1099 1586 capituli
1114 1525 1243 1586 sequen·

242 1611 284 1676 tis
315 1611 465 1697 savignei
494 1633 527 1677 se
556 1617 788 1698 praesentarent.
847 1611 892 1675 Et
926 1611 988 1696 ipsi
1017 1611 1061 1677 sio
1091 1613 1241 1679 fecerunt.

243 1721 372 1786 Auditis
394 1723 501 1806 itaque
522 1722 557 1786 in
578 1721 715 1807 capitulo
740 1721 890 1804 Savignei
912 1721 1045 1807 querelis
1066 1728 1100 1788 et
1128 1745 1242 1809 grava·

244 1831 382 1895 minibus
397 1831 521 1897 abbatis
536 1829 663 1896 Matbei
679 1829 716 1895 ds
732 1829 910 1915 Basinguec
925 1836 959 1895 et
973 1831 1130 1915 responsis
1145 1833 1242 1898 abba-

242 1940 284 2005 tis
301 1941 452 2006 hunulfi
466 1943 506 2007 de
520 1941 669 2007 Billevvas
682 1947 715 2006 et
729 1941 824 2006 cartis
840 1963 917 2025 quas
931 1939 967 2004 in
981 1941 1090 2006 eodem
1105 1941 1242 2025 capitulo

240 2053 281 2117 ab
304 2051 416 2118 abbate
442 2053 482 2117 lt.
506 2051 545 2116 de
572 2051 668 2118 Curci
692 2059 724 2117 et
749 2057 908 2117 conventu
937 2073 993 2116 suo
1019 2050 1057 2117 de
1085 2051 1242 2136 praedictis

240 2163 375 2228 abbatiis
386 2163 554 2229 transactis
564 2163 730 2248 plusquam
740 2163 814 2228 XX.
825 2163 917 2228 annis
928 2167 1097 2247 acceperat,
1106 2161 1242 2246 dignum

239 2271 388 2338 duximus
406 2295 480 2339 cum
501 2273 667 2343 abbatibus
689 2273 744 2358 qui
765 2272 905 2338 aderant
918 2279 951 2339 et
973 2295 1046 2339 cum
1069 2271 1241 2337 senioribus

240 2383 355 2448 nostris
370 2383 519 2450 secretius
541 2384 615 2450 inde
635 2389 779 2449 tractare.
824 2384 911 2448 'Itmc
926 2382 1110 2468 rogavimus
1123 2405 1175 2448 eos
1189 2383 1240 2448 uti

239 2517 272 2559 se
286 2516 325 2560 ex
339 2499 408 2560 toto
422 2494 552 2559 consilio
567 2500 673 2559 nostro
688 2501 720 2559 et
735 2493 931 2579 providencia
946 2493 1191 2574 committerent,
1206 2498 1240 2559 et

237 2615 472 2671 consenserunt.
517 2604 586 2669 Nos
611 2613 730 2682 autem,
757 2604 820 2669 illis
844 2605 983 2683 remotis,
1007 2603 1238 2670 considerantes

238 2714 459 2780 discissionem
475 2722 508 2780 et
530 2715 730 2800 pmdentiam
745 2721 976 2779 antecessorum
991 2719 1169 2778 nostrorum
1183 2713 1238 2798 qni

237 2825 382 2909 praefatas
408 2823 549 2890 abbatias
574 2823 682 2893 abbati
709 2825 748 2888 R.
772 2830 807 2889 et
830 2823 1000 2888 conventui
1026 2822 1065 2888 de
1091 2822 1237 2888 Billewas
1284 2859 1287 2866 ·

238 2935 435 3001 tradiderunt
455 2942 487 3000 et
503 2933 599 2999 cartis
616 2934 894 3013 confirmaverunt,
908 2939 1036 3018 propter
1050 2932 1237 2998 necessarias

237 3067 345 3112 causas
359 3051 393 3112 et
407 3046 500 3112 utiles
514 3045 650 3130 dignum
665 3045 879 3132 judicavimus
894 3043 1041 3130 quicquid
1056 3066 1148 3130 super
1171 3044 1237 3110 haec

237 3158 380 3223 fecerunt
401 3165 507 3222 ratum
528 3163 563 3222 et
584 3156 713 3222 firmum
739 3156 847 3222 haberi
872 3156 1113 3242 imperpetuum.
1157 3156 1238 3222 Pace

242 3266 343 3350 igitur
363 3267 518 3332 intereos
541 3266 708 3332 reformata
730 3265 763 3330 in
787 3267 946 3332 communi
969 3266 1107 3352 capitulo
1130 3274 1237 3332 nostro

237 3376 440 3462 presentibus
469 3376 636 3441 abbatibus
662 3377 793 3442 Galtero
816 3377 855 3442 de
879 3376 969 3443 Neht
997 3383 1030 3442 et
1059 3377 1172 3462 Moyse
1196 3377 1236 3443 de

238 3487 348 3552 Veteri
359 3487 446 3552 Villa
459 3485 748 3552 commendavimus
762 3485 869 3551 abbati
885 3486 1022 3551 Ranulfo
1035 3486 1074 3551 de
1089 3486 1236 3552 Billewas

236 3619 362 3662 omnem
390 3619 497 3662 curam
527 3602 560 3661 et
585 3595 814 3661 ordinacionem
839 3595 1049 3680 predictarum
1072 3596 1235 3661 domomm

236 3706 318 3772 sicut
345 3706 482 3772 filiarum
510 3728 638 3771 suarum
668 3704 750 3771 sicut
778 3713 984 3772 antecessores
1012 3705 1112 3771 nostri
1147 3706 1235 3791 prius

235 3816 531 3882 commendaverant
553 3821 586 3882 et
609 3814 680 3902 ejus
701 3821 785 3880 carte
810 3821 977 3883 testantur.
1031 3816 1235 3899 Injunximus

235 3949 358 4013 quoque
381 3926 489 3992 abbati
516 3927 649 3992 Matheo
678 3925 717 3992 de
741 3925 920 4009 Basinguec
945 3931 979 3990 et
1006 3925 1114 3992 abbati
1137 3929 1177 3992 Α
1197 3926 1236 3992 de

235 4036 379 4102 Dublina
406 4041 444 4102 nt
474 4036 536 4122 ipsi
564 4042 599 4102 et
628 4037 741 4102 domus
770 4059 826 4100 sna
851 4059 890 4102 ex
912 4042 983 4101 toto
1006 4036 1176 4103 intendant
1201 4044 1234 4104 et

235 4147 384 4214 obediant
407 4146 515 4213 abbati
536 4153 570 4214 et
592 4146 698 4212 domui
720 4146 758 4211 de
781 4146 947 4212 Buldevvas
968 4145 1051 4211 sicut
1072 4146 1129 4210 dlii
1152 4147 1234 4232 patri

234 4264 268 4324 et
282 4258 364 4324 deut
378 4257 442 4324 filie
456 4257 561 4323 matri.
606 4258 704 4322 Facta
718 4263 794 4321 sunt
808 4257 873 4321 baee
887 4256 922 4320 in
935 4257 1073 4342 capitulo
1086 4257 1235 4344 Savignei

233 4369 273 4432 ab
281 4369 386 4454 [s]que
415 4361 480 4432 ulla
508 4367 765 4433 contradictione.
821 4367 894 4432 Hiis
930 4367 1062 4435 testibus
1098 4369 1235 4436 Robertc

707 4482 772 4558 cz
