3286 5150
655 677 764 724 nsum
788 679 825 722 rr.
1195 661 1254 722 all

257 853 313 896 neo
330 831 449 896 viribus
458 830 570 916 impar,
580 831 613 895 ln
623 837 789 916 conspectu
801 829 976 915 principum
991 835 1073 895 terre
1083 830 1258 915 dampnans

256 947 289 1006 et
314 964 461 1008 accusans
488 965 561 1008 eum
586 942 625 1007 de
647 942 825 1027 pmdioione
848 941 941 1026 regis.
987 942 1131 1006 Assemit
1145 964 1258 1025 nempe

256 1075 328 1117 eum
344 1053 378 1116 in
389 1051 587 1138 expedicione
602 1052 676 1118 belli
685 1053 769 1137 apud
781 1051 982 1116 Waliam¹in
990 1051 1112 1116 difficili
1120 1051 1259 1116 transitu

256 1164 295 1229 de
310 1163 480 1229 Coleshelle
490 1164 640 1230 vexillum
649 1164 769 1229 domini
784 1163 867 1250 regis
878 1163 1091 1229 fraudulenter
1102 1164 1260 1248 abjecisse,

256 1280 290 1340 at
304 1279 438 1340 mortem
447 1276 516 1361 ejus
530 1275 657 1340 sublimi
669 1297 742 1340 voce
757 1274 981 1359 proclamasse;
1003 1279 1036 1339 et
1047 1275 1080 1338 in
1090 1275 1260 1359 presidium

257 1386 326 1468 ejus
351 1385 523 1464 venientes,
546 1385 580 1449 in
606 1387 716 1470 fugam
743 1386 944 1451 convertisse.
989 1387 1029 1450 In
1055 1385 1099 1450 rei
1117 1387 1260 1466 veritate,

257 1495 415 1579 predictus
431 1495 588 1560 Henricue
602 1496 640 1561 de
655 1495 768 1562 Esexin
790 1495 937 1560 inclitum
962 1519 1069 1582 regem
1085 1497 1260 1562 Henricum

257 1607 439 1684 secondum,
476 1606 672 1671 Walensium
724 1607 884 1672 fraudibus
921 1607 1141 1694 interceptum,
1177 1609 1260 1674 diem

257 1715 401 1781 clausisse
416 1716 548 1781 eredidit
562 1721 758 1795 extremum
781 1718 865 1802 quod
879 1739 985 1782 revera
1000 1718 1119 1783 facturn
1141 1719 1261 1798 fuisset,

257 1825 318 1889 nisi
342 1828 486 1911 Rogems
511 1849 614 1894 eomes
629 1827 795 1908 Clurensis,
809 1827 910 1892 clarus
934 1851 1047 1913 genere
1072 1834 1104 1893 et
1130 1829 1260 1894 militari

257 1934 367 2001 clarior
381 1936 556 2016 excercitio,
568 1959 640 2002 cum
655 1937 718 2001 suis
730 1937 929 2005 Clarensibus
944 1938 1098 2002 maturius
1113 1939 1260 2003 occurris-

257 2052 315 2128 set,
331 2051 363 2111 et
378 2046 499 2111 domini
508 2047 591 2132 regis
600 2047 751 2114 vexillum
762 2048 922 2131 elevasset,
932 2049 972 2114 ad
981 2049 1261 2116 corroboracionem

257 2163 291 2223 et
315 2157 542 2224 animacionem
565 2159 665 2224 totius
689 2159 852 2224 exercitus.
900 2159 1037 2225 Henrioo
1054 2160 1106 2242 [de
1131 2160 1260 2244 Esexia]

258 2267 384 2354 quidem
406 2267 570 2334 resistente
595 2273 644 2336 et'
668 2269 809 2356 predicto
830 2269 968 2334 Roberto
992 2269 1026 2334 in
1051 2271 1209 2349 concione,
1229 2277 1262 2337 et

258 2380 382 2465 objecta
395 2379 521 2465 penitus
537 2379 705 2460 inficiante,
720 2380 846 2446 evoluto
861 2378 949 2446 brevi
970 2380 1120 2465 temporis
1147 2381 1261 2467 spacio,

257 2491 298 2556 ad
331 2489 487 2574 corporale
522 2489 662 2556 duellum
696 2497 883 2576 perventum
919 2495 977 2556 est.
1038 2492 1262 2558 Convenerunt

258 2607 365 2666 antem
380 2589 643 2686 apud'Radingas
662 2602 836 2686 pugnaturi
855 2601 1010 2666 ininsula
1029 2601 1165 2686 quadam
1185 2604 1263 2668 satis

258 2712 383 2778 abbatie
408 2712 531 2791 ricina3
553 2712 700 2777 convenit
725 2717 758 2778 et
780 2713 928 2796 gentium
951 2713 1136 2792 multitudo,
1158 2715 1264 2781 visura

258 2846 351 2908 quem
366 2823 462 2888 finem
477 2845 525 2888 res
539 2823 713 2888 sortiretur.
735 2867 742 2884 .
760 2871 768 2888 .
785 2825 810 2888 .⁸
848 2825 892 2887 Et
906 2825 974 2910 jam
988 2829 1077 2889 totus
1098 2825 1264 2910 desperans

261 2934 460 3017 [llenricus],
484 2938 516 2998 et
541 2933 696 3000 rationem
720 2933 755 2998 in
787 2933 944 3020 impetum
976 2939 1169 3014 convertens,
1203 2935 1264 3001 im·

258 3044 444 3130 pugnantis,
469 3067 533 3110 non
560 3045 767 3124 defendentis,
795 3045 967 3131 assumpsit
993 3045 1140 3110 officium.
1198 3047 1264 3113 Qui

258 3156 336 3221 dum
359 3155 483 3221 fortiter
510 3157 671 3241 percussit,
696 3156 808 3222 fortius
837 3179 1000 3243 percussus
1015 3163 1063 3223 est
1074 3184 1084 3236 3
1126 3164 1159 3222 et
1186 3157 1262 3222 dum

259 3266 391 3332 viriliter
404 3267 625 3352 impugnabat,
634 3266 755 3332 virilius
771 3268 1021 3353 inpugnabatur.
1045 3267 1262 3335 Quidmulta?

259 3378 362 3442 vietus
374 3377 532 3443 occubuit.
940 3387 943 3392 “

262 3819 378 3901 [Jonu
393 3837 457 3882 rna
478 3817 673 3894 Marsuam,
687 3837 714 3880 o.
731 3815 867 3878 'Psonis
891 3815 913 3876 l
938 3815 1079 3878 Bucam.
1127 3815 1251 3899 llol.]⁴

260 3957 386 4023 [Thomas
397 3955 413 4008 d
425 3956 531 4015 Beoket,
543 3956 658 4018 desiring
675 3955 829 4018 por-mission
848 3953 876 4003 ol
887 3955 932 4003 the
949 3955 1014 4017 king
1030 3957 1058 4004 to
1077 3971 1111 4018 go
1126 3959 1155 4005 to
1173 3957 1262 4017 Rome,

295 4159 303 4192 ¹
323 4159 395 4209 1157.
787 4155 799 4189 ¹
815 4155 868 4204 The
881 4157 896 4180 “
905 4155 950 4203 et'’
964 4155 1057 4204 should
1068 4155 1101 4204 bo
1112 4155 1229 4204 omitted.

294 4235 305 4268 ⁸
323 4235 364 4284 He
376 4248 433 4284 sees
444 4233 489 4283 the
500 4233 649 4296 apparitiorr
660 4233 690 4282 os
699 4232 738 4281 St.
753 4231 882 4292 Edmnnd,
895 4230 945 4280 and
958 4231 987 4280 oi
995 4246 1011 4279 a
1021 4246 1117 4294 person
1129 4233 1213 4282 whom
1230 4233 1263 4281 lo

261 4316 312 4365 had
324 4315 482 4377 imprisoned
493 4314 544 4363 and
556 4314 674 4364 torturod
687 4314 755 4361 until
766 4313 853 4362 daath.

293 4395 302 4425 ⁴
322 4395 335 4440 l
349 4394 410 4456 Rog.
423 4393 456 4442 da
467 4393 525 4442 llov
544 4395 594 4441 221,
606 4393 676 4457 (Rco.
689 4389 781 4454 Com).

743 4483 802 4542 rt
