3280 5132
367 632 408 692 te
620 647 752 692 esserra
776 647 1124 693 sucro-uonusrrurcs.

366 799 405 864 de
437 799 585 878 Warena,
610 799 651 864 de
678 799 771 864 sendo
802 799 966 880 Frederioi,
994 801 1023 866 Ι.
1049 801 1128 866 liber
1166 800 1275 882 homo,
1301 802 1370 867 ideo

367 911 451 996 quod
466 918 643 976 antecessor
657 912 723 996 ejus
738 913 784 976 ita
799 913 914 993 tenuit,
930 913 1015 998 quod
1028 935 1092 978 non
1109 919 1215 999 posset
1231 914 1370 978 recedere

367 1045 387 1086 a
412 1028 496 1087 terra
520 1024 583 1087 nisi
609 1023 737 1088 licencia
762 1024 857 1102 illius,
874 1031 907 1090 et
929 1025 1068 1090 hundret
1093 1025 1153 1090 hoc
1176 1031 1321 1098 testatur,
1338 1031 1372 1090 et

368 1132 497 1218 quidam
517 1134 622 1213 homo,
646 1135 817 1220 Drogonis,
839 1135 878 1200 de
908 1135 1059 1201 Bevraria
1091 1137 1212 1200 Franco
1241 1135 1370 1201 nomine

368 1243 602 1330 calumpniatur
617 1246 705 1310 illam
721 1247 761 1311 ad
776 1246 904 1312 feudum
920 1247 1040 1312 domini
1056 1247 1116 1326 sui,
1127 1245 1165 1312 de
1180 1247 1261 1311 dono
1275 1247 1370 1330 regis,

368 1355 406 1419 de
442 1355 636 1435 liberatione,
663 1357 769 1421 dicens
805 1357 888 1443 quod
918 1363 1094 1422 antecessor
1123 1357 1192 1440 ejus
1221 1356 1369 1438 tenuerit,

371 1466 566 1544 Heinfridus,
583 1467 702 1532 scilieet
717 1475 857 1552 temporo
874 1468 1028 1534 Frederici
1044 1475 1078 1534 et
1092 1475 1164 1553 post
1178 1490 1251 1531 eum
1264 1467 1371 1533 tenuit

369 1576 478 1661 Drogo
509 1582 542 1642 et
571 1578 708 1643 hundret
739 1585 878 1644 testatur
907 1579 966 1643 hoc
1000 1579 1083 1664 quod
1116 1578 1177 1662 ipsi
1199 1584 1372 1644 tenuerunt

369 1687 423 1752 sed
438 1687 575 1753 hundret
589 1713 653 1754 non
668 1692 754 1756 videt
769 1692 802 1755 in
817 1692 943 1756 brevem
960 1713 1017 1756 nec
1032 1691 1251 1756 liberatorem.¹

376 2246 504 2331 [Larus
525 2266 564 2311 or
579 2246 738 2311 Wrnuran
762 2266 801 2310 or
824 2248 987 2312 Wnnnnra
1033 2250 1143 2313 Paoor
1168 2267 1208 2312 nr
1236 2248 1372 2311 Osanna

790 2361 957 2442 orsurus]

417 2494 566 2558 Hundret
579 2494 706 2559 Gilhou.
738 2495 779 2559 In
789 2495 985 2560 Norbursam
998 2494 1081 2580 quod
1093 2500 1181 2560 tenet
1190 2493 1372 2558 Willelmus

372 2605 410 2670 de
437 2607 585 2685 Warena,
609 2607 712 2671 tenet²
748 2606 906 2672 Heraldus
935 2608 984 2672 ΙΙ.
999 2606 1113 2672 liberos
1149 2605 1292 2670 homines
1334 2604 1374 2669 de

373 2719 401 2782 Ι.
425 2723 570 2782 carucata
596 2724 687 2784 arra
710 2719 904 2803 pertinentes
930 2719 970 2783 ad
986 2717 1189 2802 Saganaham
1218 2722 1251 2780 et
1279 2715 1372 2781 modo

372 2835 459 2894 tenet
483 2828 663 2894 Willelmus
687 2837 736 2895 set
758 2831 902 2895 homines
926 2831 975 2894 sui
997 2829 1145 2894 nesciunt
1159 2829 1323 2915 quomodo,
1339 2835 1373 2893 et

373 2938 512 3002 hundret
535 2944 671 3005 testatur
685 2963 748 3021 cos,
762 2941 926 3007 Willelmo
951 2941 1036 3027 quod
1058 2963 1097 3006 ex
1111 2939 1156 3004 eis
1170 2944 1220 3004 est
1234 2938 1372 3004 saisitus.

375 3054 437 3118 Sed
450 3052 544 3116 homo
559 3052 644 3135 regis
652 3053 743 3118 offert
752 3052 910 3137 judicium
920 3053 1003 3140 quod
1019 3052 1221 3137 pertinebant
1230 3057 1370 3136 tempore

373 3167 458 3252 regis
472 3164 619 3230 Edwardi
633 3164 673 3229 ad
691 3166 902 3249 Saganaham.
947 3166 1050 3231 Manu
1065 3164 1174 3249 regis.³

374 3687 502 3769 [Louna
517 3705 557 3750 on
572 3685 664 3750 Enna
680 3685 806 3749 Rauen.
852 3684 962 3748 Paoor
976 3704 1017 3748 nr
1033 3685 1170 3750 Ouarar,
1189 3703 1233 3749 oa
1247 3683 1375 3750 Barnun

795 3797 963 3877 crasson]

418 3934 512 3998 Hanc
550 3938 668 3996 terram
699 3933 747 4013 [in
778 3930 918 4012 Biskele]
949 3930 1185 4015 calumpniatur
1222 3930 1377 3995 Godricus

373 4043 504 4126 dapifer,
529 4065 583 4127 per
606 4042 768 4106 hominem
792 4063 886 4104 suum
905 4041 1025 4124 juditio
1050 4041 1379 4119 velbe110,Radulfus

374 4153 503 4233 scilieet,
520 4151 604 4238 quod
627 4152 732 4217 tenuit
756 4153 795 4216 ad
821 4151 952 4215 feudum
977 4151 1103 4216 comitis
1129 4153 1168 4216 R.
1186 4157 1218 4216 et
1240 4151 1380 4216 hundret

442 4394 450 4425 ¹
467 4395 649 4459 2Doomsdny,
661 4395 716 4446 172.
795 4393 805 4425 ²
823 4395 928 4443 tenuit?
1004 4396 1015 4427 ³
1032 4394 1276 4457 2Doomsdny,172
1291 4395 1315 4442 h.
