3286 5150
710 640 821 686 usust
845 641 884 687 11.
1231 623 1294 688 alt

356 794 478 858 orderiug
489 794 535 844 the
551 794 707 844 restoration
723 797 752 844 tc
763 793 818 842 him
829 793 881 842 and
892 792 1006 843 themoi
1019 793 1089 842 their
1099 798 1232 859 property,
1244 793 1296 844 aud

357 889 391 922 an
406 873 558 936 inquisition
577 874 607 922 oi
621 873 667 922 the
679 872 752 922 older
768 872 877 936 knights
887 872 1044 935 concerning
1054 873 1099 922 the
1110 872 1211 922 honour
1221 872 1251 922 ci
1260 873 1296 932 8.,

357 951 467 1001 claimed
476 952 512 1015 by
523 953 568 1001 the
579 949 757 1015 srchbishop.]

294 1073 467 1139 Huruucus
482 1097 537 1139 rex
551 1074 680 1162 anglis
704 1079 737 1140 et
750 1074 816 1138 dux
836 1073 1042 1139 Normauniae
1055 1079 1090 1139 et
1104 1072 1296 1159 Aquitania,

292 1190 326 1249 et
348 1207 451 1250 comes
475 1186 681 1270 Audegaviae,
701 1185 866 1250 karissimo
895 1185 959 1250 filio
993 1183 1137 1250 salutem.
1184 1183 1297 1251 Sciatis

293 1295 376 1381 quod
391 1296 527 1362 Thomas
549 1297 786 1364 cantuariensis
802 1319 912 1382 pacem
932 1319 1056 1362 mecum
1077 1295 1154 1362 fecit
1180 1297 1221 1362 ad
1237 1319 1296 1362 vo-

293 1407 450 1472 luntatem
467 1431 579 1486 meam,
596 1413 628 1474 et
646 1408 715 1474 ideo
736 1407 880 1494 praecipio
901 1407 983 1494 quod
998 1406 1065 1492 ipse
1079 1413 1113 1472 et
1127 1407 1175 1472 sui
1189 1430 1298 1493 paoem

294 1517 439 1597 habeant,
451 1526 483 1584 et
501 1519 626 1585 faciatis
643 1519 758 1585 habere
774 1519 804 1585 ei
823 1525 856 1584 et
876 1519 939 1583 suis
955 1519 1010 1604 qui
1030 1542 1085 1605 pro
1105 1543 1141 1584 eo
1156 1519 1299 1585 exierunt

294 1630 333 1694 ab
353 1629 486 1714 Anglia,
506 1654 554 1695 res
579 1655 651 1696 suas
668 1631 748 1696 bene
768 1638 801 1697 et
815 1630 849 1694 in
870 1653 946 1716 pace
968 1635 1001 1695 et
1027 1631 1195 1697 honorifice
1216 1630 1299 1696 sicut

294 1741 473 1805 habuerunt
488 1741 589 1805 tribus
610 1741 770 1824 mensibus
785 1747 954 1824 antequam
969 1739 1035 1824 ipse
1050 1741 1298 1826 archiepiscopus

292 1851 467 1916 recessisset
494 1851 533 1915 ab
562 1851 694 1936 Anglia.
738 1853 785 1916 Et
807 1851 933 1917 faciatis
955 1852 1062 1917 venire
1082 1875 1186 1916 coram
1209 1853 1298 1917 vobis

295 1963 333 2027 de
355 1962 584 2047 antiquioribus
605 1969 638 2028 et
657 1962 856 2048 legalioribus
882 1963 1037 2028 militibus
1061 1963 1099 2028 de
1118 1964 1234 2029 honore
1259 1963 1298 2030 de

297 2073 445 2153 Saltwde,
460 2079 611 2140 eteorum
626 2080 821 2140 sacramento
835 2073 960 2139 faciatis
975 2075 1154 2159 recognosci
1168 2076 1244 2160 quid
1254 2076 1298 2140 ibi

294 2182 448 2248 habeatur
472 2184 511 2249 de
534 2185 629 2250 feudo
655 2183 885 2270 archiepiscopo
906 2185 1094 2250 Cantuariae.
1148 2186 1194 2250 Et
1215 2187 1297 2271 quod

296 2294 493 2379 recognitum
514 2295 611 2361 fuerit
630 2295 669 2361 de
687 2295 781 2362 feudo
804 2297 874 2380 ejus
898 2319 964 2362 esse
986 2295 1046 2382 ipsi
1068 2296 1297 2384 archiepiscopo

296 2405 409 2470 habere
431 2405 564 2472 faciatis.
608 2408 700 2472 Teste
735 2407 874 2473 Rotrodc
901 2407 1153 2494 Rothomagensi
1198 2410 1297 2475 archi·

297 2515 439 2604 episcopo
455 2518 538 2605 apud
554 2516 702 2584 Chiuum.

386 3283 559 3366 [Wmmsu
582 3284 715 3348 Tunrm
737 3306 766 3348 a.
789 3281 906 3348 Assos
927 3282 1055 3348 Rosnu.
1101 3282 1229 3366 1175]ι

303 3426 370 3490 [The
380 3429 497 3490 pleintiii'
504 3429 607 3478 obtains
618 3443 634 3477 a
645 3429 706 3478 vrit
717 3428 745 3478 ci
755 3429 827 3492 right
838 3444 868 3478 as
879 3431 907 3478 ιο
916 3430 1016 3478 certain
1027 3429 1098 3489 land,
1109 3430 1160 3478 and
1171 3431 1217 3478 the
1228 3443 1306 3478 cause

366 3506 469 3568 coming
480 3521 512 3554 on
523 3505 566 3554 ior
576 3505 638 3554 trial
649 3505 676 3554 in
687 3507 734 3555 the
752 3506 845 3570 King's
860 3507 977 3566 Gourt‚a
995 3507 1046 3555 flue
1063 3507 1116 3557 sad
1133 3507 1243 3557 concord
1262 3521 1306 3555 are

365 3585 448 3644 msds,
456 3586 501 3634 ths
511 3585 575 3649 king
585 3587 739 3650 confirming
748 3588 794 3636 the
805 3601 875 3636 seme
886 3587 922 3650 by
930 3587 972 3636 his
983 3588 1101 3646 chartam
1113 3587 1158 3636 the
1167 3587 1306 3636 defendunt

366 3662 491 3724 granting
502 3662 554 3710 and
565 3663 728 3727 wmranting
738 3668 767 3712 to
778 3663 823 3714 tho
834 3663 952 3726 plaiutiff
965 3664 1068 3712 oertsiu
1086 3664 1148 3712 land
1158 3667 1187 3712 at
1199 3665 1304 3722 ιὀοοοι,

313 3759 317 3768 ·
368 3743 396 3788 at
408 3753 442 3786 su
453 3739 550 3787 annual
566 3743 633 3798 rent,
651 3740 703 3789 and
723 3741 768 3790 the
785 3741 902 3803 pisintiff
915 3741 1108 3805 quit-claiming
1120 3741 1194 3804 (with
1204 3739 1306 3789 limited

366 3814 511 3880 warranty)
525 3817 571 3865 the
582 3818 643 3866 lund
660 3819 687 3866 in
704 3818 837 3881 litigation
854 3823 883 3868 to
899 3821 944 3868 the
959 3818 1108 3879 defendant,
1119 3818 1185 3867 with
1195 3817 1268 3880 right
1278 3815 1308 3866 oi

366 3895 523 3944 restoration
534 3900 562 3943 to
573 3888 619 3946 the
629 3897 693 3945 lsnd
703 3901 732 3946 st
746 3898 845 3947 Fencot
856 3897 880 3946 it'
888 3898 933 3948 the
943 3897 1083 3962 plsiutffl's
1095 3901 1227 3960 wsrrsuty
1239 3894 1305 3960 seih]
1394 3885 1399 3896 ¹

304 4035 461 4098 Tauroin
472 4031 568 4098 etiam
580 4031 672 4098 istius
688 4032 812 4097 abbatis
829 4034 946 4118 Rogeri
958 4039 1027 4098 orta
1036 4039 1084 4098 est
1098 4034 1305 4099 controversia

306 4145 390 4210 inter
402 4144 599 4210 Willelmum
613 4144 799 4229 ihrpiuum,
809 4143 1011 4209 camerarium
1027 4145 1121 4230 regis,
1131 4153 1163 4210 et
1177 4147 1305 4210 domum

533 4359 540 4391 ¹
558 4363 574 4408 2
587 4359 656 4409 nist.
669 4360 737 4408 Mon.
750 4359 862 4423 Abiugd.
874 4359 923 4408 235
935 4357 1005 4424 (Bao.
1018 4359 1111 4422 Ocm).
