3286 5150
342 603 422 666 200·
587 621 721 666 rnncrrn
743 619 1090 665 moro-nonmusios

341 773 409 839 sine
426 794 543 857 magne
564 771 682 858 injurio
703 772 800 858 regis)
817 771 966 852 evenerit,
979 771 1081 836 multo
1102 770 1342 856 superaddentes

342 905 435 961 vane,
472 889 660 948 retexerunt.
719 880 960 967 Importunitcti
990 904 1122 966 quorum
1154 904 1227 945 cum
1263 880 1343 964 legis

344 992 490 1078 equitate
513 993 689 1058 satisfacere
719 993 836 1073 volens,
865 993 1001 1079 quodum
1029 992 1074 1058 eis
1102 992 1195 1058 breve
1216 993 1343 1069 trudito,

341 1103 510 1190 repatriare
534 1103 697 1190 permisit.¹
743 1105 948 1168 Revertentes
978 1126 1062 1182 vero,
1076 1109 1109 1168 et
1134 1125 1257 1188 prorsus
1280 1102 1341 1166 fori

343 1213 604 1279 Abbendonensis
618 1213 808 1279 eversionem
823 1213 857 1278 in
877 1213 992 1278 litteris
1007 1213 1160 1278 contineri
1182 1220 1280 1298 puten
1286 1220 1343 1292 tes,

344 1324 385 1388 ud
403 1325 563 1409 justitiam
579 1324 715 1409 Angliae,
732 1325 907 1389 Robertum
922 1323 1067 1389 videlicet
1081 1325 1227 1390 comitem
1244 1326 1344 1408 Iege·

344 1435 484 1514 cestriae,²
506 1441 722 1518 pervenerunt.
769 1436 903 1500 Lectum
922 1457 997 1520 ergo
1012 1440 1060 1499 est
1082 1458 1185 1499 coram
1208 1435 1343 1520 justitie,

345 1544 458 1610 abbate
475 1545 653 1611 Wulkelino
675 1546 850 1626 assistente,
866 1545 958 1611 breve
982 1546 1199 1631 hujuscemodi
1225 1546 1344 1611 hebens

347 1679 492 1728 sensum:

392 1766 558 1845 Henricus,
569 1788 623 1831 rex
632 1765 770 1851 Angliae,
782 1774 814 1831 et
825 1765 890 1830 dux
899 1764 1103 1831 Normanniae
1113 1771 1146 1832 et
1154 1763 1344 1850 Aquituniae,

346 1883 379 1942 et
403 1900 505 1942 comes
520 1877 724 1961 Andegeviae,
741 1877 878 1942 Roberto
894 1877 1001 1942 comiti
1024 1877 1239 1963 Legecestrin,
1262 1876 1345 1941 selu-

346 1993 422 2054 tem.
460 1988 608 2072 Prcecipio
629 1994 677 2067 ut,
693 1993 862 2052 convocato
876 1987 963 2053 omni
977 1995 1135 2054 conventu
1157 1987 1345 2066 Berchesire,

349 2099 499 2164 XXIIII.
526 2098 668 2164 homines
691 2099 730 2164 de
751 2098 924 2164 senioribus
949 2099 1005 2186 qui
1031 2099 1162 2164 Henrici
1185 2098 1280 2186 regis,
1295 2097 1347 2164 avi

346 2209 419 2289 mei,
448 2215 587 2295 tempore
615 2211 755 2289 fuerunt,
778 2209 893 2295 eligere
928 2210 1036 2276 facies.
1083 2211 1147 2277 Qui
1180 2211 1208 2275 si
1242 2211 1346 2295 jurare

346 2319 484 2406 poterint
497 2316 581 2405 qnod
591 2319 624 2384 in
640 2319 750 2385 diebus
761 2321 830 2406 ejus
840 2319 968 2406 plenum
983 2327 1155 2386 mercatum
1169 2320 1203 2385 in
1218 2320 1346 2384 Abben·

347 2429 442 2498 donia
455 2431 561 2506 fuerit,
580 2431 625 2497 ite
639 2431 683 2496 sit
703 2438 737 2497 et
759 2454 853 2496 nunc.
899 2431 1022 2498 sivero
1042 2455 1100 2498 nec
1121 2431 1268 2510 viderint,
1290 2451 1348 2494 nec

346 2541 451 2632 jurare
471 2541 624 2628 poterint,
645 2548 683 2606 ut
705 2548 826 2608 rectum
851 2548 910 2623 est,
925 2542 1136 2628 prohibeetn,
1151 2565 1190 2608 ne
1212 2541 1347 2628 amplius

347 2651 421 2718 iude
435 2651 602 2722 clamorem
618 2653 755 2722 audiam.

393 2765 465 2830 Quo
479 2765 624 2849 perlecto,
640 2764 763 2830 contusi
778 2769 853 2833 suut
874 2787 894 2829 a
914 2787 968 2850 spe
990 2787 1047 2830 sue
1067 2763 1122 2849 qni
1136 2770 1346 2858 portaverant,

346 2879 456 2958 utpote
465 2875 505 2940 de
514 2875 646 2940 veritate
660 2874 721 2939 sihi
735 2873 861 2940 conscii.
891 2874 1095 2960 Praecipiente
1105 2881 1212 2940 temen
1223 2874 1347 2954 comite,

346 2984 453 3049 Adam
475 2985 645 3050 vicecomes
667 2984 852 3052 comitatum
866 2984 995 3072 plenum
1016 2987 1101 3071 apud
1115 2985 1348 3070 Femeburgam
1427 3071 1431 3080 ,

348 3116 555 3181 congregans,
579 3095 732 3176 homines,
762 3096 818 3187 qui
846 3097 1017 3164 secundum
1046 3096 1131 3182 regis
1158 3102 1347 3181 preceptum

347 3206 452 3290 jurare
478 3205 636 3286 deberent,
661 3207 774 3274 electos
800 3207 977 3288 consciunt,
996 3208 1051 3294 qui
1074 3231 1146 3275 cum
1170 3210 1348 3292 juramento

348 3323 545 3384 asseruerunt
559 3341 591 3383 se
606 3341 708 3384 rerum
717 3317 859 3386 omnium
873 3319 1033 3388 venalium
1047 3325 1219 3384 mercatum
1233 3317 1348 3404 plenis-

348 3428 464 3493 simum
479 3428 560 3492 inibi
574 3429 688 3495 vidisse
703 3436 736 3496 et
750 3429 937 3496 interfuisse.

396 3540 459 3610 His
471 3539 517 3605 ita
526 3540 622 3606 finem
638 3540 837 3620 habentibus,
852 3547 884 3606 et
899 3562 972 3625 rege
986 3541 1026 3606 ad
1040 3562 1174 3625 regnum
1189 3538 1349 3625 proprium

349 3657 534 3730 revertente,
549 3658 763 3716 convenerunt
777 3651 817 3715 ed
838 3674 911 3715 eum
935 3652 1111 3736 jurgatores
1126 3650 1276 3735 predicti,
1290 3651 1349 3714 fin·
1420 3721 1424 3732 ¹

348 3768 459 3848 gentes
472 3764 688 3848 juramentum
713 3763 829 3826 falsum
849 3762 971 3827 factum
993 3761 1101 3844 fnisse,
1116 3762 1266 3847 et-quia
1281 3760 1348 3846 qui-

348 3873 422 3938 dum
445 3896 551 3938 eorum
577 3872 632 3958 qui
656 3874 839 3958 juraverant
864 3873 902 3938 de
928 3871 1055 3938 abbatie
1076 3874 1292 3957 crant—quod
1306 3871 1350 3936 eis

349 3983 424 4048 utile
438 3983 612 4064 videbatur,
621 3989 655 4050 et
664 4007 727 4048 non
739 3984 821 4070 quod
836 3983 880 4048 rei
894 3983 1009 4049 veritas
1023 3983 1163 4062 docebat,
1174 3982 1348 4067 protulisse.

382 4196 390 4229 ¹
411 4195 552 4246 Permittsd
563 4195 637 4245 them
652 4199 679 4244 to
690 4199 780 4245 return
792 4199 821 4244 to
833 4194 961 4258 ungranu

379 4268 504 4322 ²Roberc
526 4273 558 4322 de
580 4273 731 4331 Beuumcnt,
753 4274 807 4321 eorl
832 4273 862 4321 oi
887 4273 1026 4334 Leiccster,
1049 4272 1122 4322 chief
1138 4273 1274 4337 justicicr„
1288 4273 1352 4320 1154

345 4351 451 4400 -1162.
