3298 5162
714 610 885 657 sersaoni.
1234 591 1295 652 295

616 767 728 836 [Areos
746 781 783 820 os
802 765 844 820 Se.
865 765 984 834 Parsa]

332 873 372 928 Dc
397 875 448 929 isto
479 875 596 930 manerio
621 875 764 946 [Auitone]
789 878 905 929 testatur
928 872 1071 928 comitatus
1094 871 1165 944 quod
1195 869 1296 940 injusta

296 965 397 1037 aceepit
411 963 504 1034 [abbas
518 964 608 1018 Sancti
619 963 707 1034 Petri]
717 982 765 1034 pro
777 961 911 1018 excambio
924 961 1019 1015 domus
1031 959 1111 1032 regis,
1127 958 1190 1031 quia
1202 958 1296 1013 domus

296 1059 355 1108 erat
366 1054 445 1125 regis.
482 1053 522 1107 Ib.
536 1053 579 1107 43.

591 1217 714 1288 [Morus
733 1233 770 1272 or
789 1217 1013 1286 Wmcnssran]

332 1342 392 1397 Hoc
422 1343 571 1398 manerium
603 1342 766 1414 [Helingey]
788 1335 1007 1413 calumpnientur
1027 1340 1150 1395 monachi
1173 1340 1206 1394 de
1229 1339 1298 1410 epis·

295 1437 391 1502 copatu
410 1430 603 1510 wintoniensi,
625 1449 655 1484 eo
675 1431 745 1501 quod
767 1431 856 1484 Imma
877 1430 989 1501 regina¹
1009 1428 1082 1484 dedit
1096 1429 1162 1484 iliud
1174 1427 1298 1483 aecclesiae

296 1517 387 1572 Sancti
401 1518 474 1573 Petri
487 1523 514 1574 et
526 1517 617 1574 Sancti
639 1517 795 1582 Suuithuni,
811 1523 838 1573 et
856 1521 922 1573 tuno
942 1517 973 1572 dc
994 1517 1134 1572 medietate
1155 1516 1297 1571 monachos

294 1605 404 1660 saisivit.
441 1605 533 1659 Aliam
545 1625 607 1659 vero
620 1604 789 1660 medietatem
803 1603 943 1659 Uluuardo
956 1604 983 1658 in
997 1604 1054 1659 rita
1067 1623 1115 1658 sua
1133 1608 1241 1659 tantum
1260 1603 1299 1657 ita

296 1692 407 1755 dimisit,
427 1693 554 1763 quatinus
572 1695 634 1762 post
653 1690 756 1746 obitum
772 1709 852 1746 suum
865 1690 920 1761 ipse
933 1691 1098 1762 sepeliendus
1111 1697 1138 1747 et
1150 1692 1298 1747 manerium

295 1779 394 1832 rediret
411 1779 446 1832 ad
464 1777 663 1834 monasterium.
700 1778 789 1848 Atque
807 1777 846 1831 ita
865 1777 988 1832 Uluuard
1001 1777 1033 1832 ds
1046 1777 1182 1832 monachis
1195 1781 1297 1848 partem

295 1865 408 1919 manerii
426 1866 524 1927 tenuit,
543 1865 625 1920 douae
644 1869 767 1919 mortuus
785 1863 841 1920 tuit
852 1869 970 1936 tempore
983 1863 1053 1936 regis
1066 1863 1202 1920 Willelmi.
1239 1865 1299 1918 Hoc

294 1951 332 2006 sic
345 1955 491 2006 attestatur
504 1951 561 2006 Etsi
573 1950 654 2007 abbas
667 1951 699 2006 de
713 1951 838 2022 Ramesy‚
850 1956 878 2007 et
890 1955 977 2006 totum
990 1950 1114 2006 hundret.
1153 1951 1193 2006 lb.
1207 1951 1241 2005 43
1254 1949 1279 2005 b.

463 2167 573 2237 [Heca
591 2186 615 2223 v.
635 2167 777 2233 Tarsus,
798 2185 860 2224 aas
877 2169 1121 2239 Camenarum]

329 2291 373 2345 Ad
391 2309 457 2361 opus
482 2289 563 2362 hujus
587 2289 698 2345 manerii
723 2289 887 2360 [Holstune]
912 2289 1110 2363 calumpniatur
1133 2289 1190 2361 ipse
1214 2291 1297 2362 Hugo

294 2378 351 2434 III.
366 2381 531 2441 macerasset
542 2377 752 2449 augulumprati
764 2381 792 2432 et
806 2397 887 2432 unam
899 2377 1033 2448 virgatam
1046 2384 1073 2434 et
1085 2379 1118 2433 V.
1131 2397 1205 2433 acras
1219 2383 1296 2434 terras

294 2484 373 2536 super
394 2465 552 2520 Turstinum
572 2465 751 2520 camerarium.
802 2466 842 2520 De
864 2465 913 2520 hoo
934 2465 986 2520 fert
1005 2465 1191 2521 testimoninm
1210 2470 1298 2521 totum

295 2552 425 2616 hundred,
445 2552 514 2623 quod
537 2557 713 2608 antecessores
732 2552 790 2624 ejus
810 2552 873 2608 inde
892 2553 977 2608 saisiti
997 2559 1073 2608 eraut
1085 2559 1112 2609 et
1124 2559 1244 2610 tenentes
1256 2553 1299 2610 dis

296 2659 348 2713 quo
360 2659 406 2695 rex
419 2640 567 2694 Edwardus
580 2639 635 2694 tuit
647 2639 725 2694 vivus
738 2645 767 2694 et
778 2649 907 2695 mortuus.
945 2639 985 2696 Ib.
1000 2643 1044 2696 45.

378 2870 502 2942 [Morsus
521 2887 558 2926 or
576 2871 779 2926 Wrueasssnn
798 2889 821 2924 v.
843 2871 947 2926 Rauen
968 2887 1005 2925 or
1025 2870 1218 2941 Mourena]

332 2983 421 3038 Isdem
441 2981 575 3038 Radnlius
595 2982 641 3052 [ds
655 2983 811 3051 Mortemer]
825 2986 899 3037 tenet
913 2982 940 3036 in
954 2982 1091 3037 Suantune
1104 3000 1184 3036 unam
1198 2981 1298 3038 hidam.

297 3070 423 3143 Oheping
442 3071 531 3126 tenuit
553 3071 585 3125 de
606 3071 725 3141 episcopo
744 3075 771 3124 et
790 3070 822 3124 ds
841 3070 979 3124 monachis
1000 3069 1257 3140 [wintoniensibus]
1271 3074 1297 3126 et

295 3178 398 3230 semper
422 3157 477 3212 fuit
500 3159 533 3213 de
557 3157 726 3220 monasterio,
745 3157 790 3212 sed
814 3176 936 3212 concessa
954 3162 995 3212 est
1013 3157 1098 3213 eidem
1116 3159 1144 3212 iu
1169 3158 1226 3213 vita
1250 3176 1299 3213 sua

294 3251 404 3300 tantum
425 3249 522 3308 tenere,
544 3249 571 3299 et
589 3249 650 3314 post
669 3249 782 3298 mortem
802 3244 860 3314 ejus
872 3245 907 3298 ad
919 3245 1062 3299 aecclesiam
1076 3245 1187 3300 debebat
1205 3245 1296 3300 redire.

296 3332 356 3386 Hoc
374 3331 495 3386 monachi
514 3331 614 3394 dicunt,
633 3330 677 3384 sed
695 3330 819 3385 hundred
837 3330 876 3384 nil
888 3333 938 3385 scit
950 3332 982 3386 dc
994 3332 1176 3396 conventione,
1188 3333 1233 3386 sed
1247 3332 1296 3388 boc

295 3419 345 3474 scit
365 3419 426 3489 quia
447 3417 479 3472 de
500 3416 659 3472 monasterio
677 3416 738 3480 fuit,
759 3422 785 3471 et
803 3417 865 3488 geld
884 3436 938 3473 nou
950 3417 1023 3473 dedit
1035 3437 1083 3474 nec
1095 3419 1172 3473 modo
1184 3419 1255 3484 facit,
1267 3425 1294 3476 st

295 3505 417 3562 nesciunt
428 3523 509 3576 quare
521 3503 661 3559 remansit.
699 3504 741 3559 Ib.
756 3503 800 3559 47.

613 3706 739 3777 [Asssss
758 3722 795 3760 os
814 3706 857 3761 Sn.
877 3707 989 3778 Mara]

330 3831 391 3885 Hoc
404 3829 551 3884 manerium
566 3827 671 3897 [Icens]
684 3825 881 3896 calumpniatur
893 3825 1026 3882 abbatissa
1038 3826 1141 3882 Sancta
1154 3825 1256 3890 Marias,
1269 3831 1298 3882 st

293 3923 381 3974 totum
394 3916 516 3972 hundred
529 3919 556 3971 et
567 3915 675 3986 insuper
687 3917 759 3970 totus
769 3915 967 3969 vicecomitatus
980 3913 1163 3970 testimouium
1176 3914 1298 3986 perbibet

292 4005 363 4078 quod
384 4004 412 4059 in
432 4003 539 4059 abbatia
558 4003 611 4058 fuit
630 4007 747 4074 tempore
768 4002 839 4074 regis
860 4001 995 4066 Edwardi
1017 4005 1046 4057 ct
1063 4001 1134 4072 regis
1153 4001 1300 4078 willelmi,

294 4097 322 4149 et
329 4093 405 4165 juste
417 4111 473 4147 esse
486 4091 571 4147 debet.
608 4089 650 4145 lb.
663 4091 706 4144 48.
1157 4123 1159 4129 ,

533 4300 540 4332 ¹
555 4301 664 4357 Mother
676 4298 706 4355 os
716 4298 830 4354 Eduard
843 4301 889 4357 the
902 4301 1049 4358 Cousesaor.
