3286 5142
695 649 847 695 sonsum.
1220 635 1281 697 149

482 825 613 912 [Anum
636 845 675 891 on
697 829 887 892 Ammonos.
934 827 1077 911 1144i]¹

279 956 347 1023 [The
358 959 444 1025 kinng
455 966 533 1026 grant
544 963 596 1012 end
613 963 674 1014 vrit
690 963 822 1026 directing
838 963 898 1012 thot
909 963 955 1012 the
974 963 1092 1025 plsintiff
1106 963 1168 1013 hold
1178 965 1278 1014 certain

667 1038 879 1103 lnndinpenos]

278 1152 481 1234 sinimus,
504 1177 558 1220 rex
581 1154 721 1239 Angliae,
736 1154 898 1220 Willelmo
922 1152 1049 1234 Martel,
1074 1160 1107 1219 et
1129 1154 1276 1219 omnibus

276 1262 420 1328 fidelibus
441 1265 517 1343 suis,
534 1267 663 1331 Francis
685 1272 719 1332 et
739 1265 867 1350 Anglis,
882 1264 1027 1330 sulutem.
1073 1264 1188 1331 Sciatis
1203 1265 1277 1350 quis

274 1374 396 1438 reddidi
417 1381 451 1440 et
473 1379 611 1442 concessi
632 1377 711 1458 Deo,
725 1383 758 1442 ct
777 1376 910 1442 abbatim
932 1381 965 1441 et
979 1377 1141 1442 monachis
1155 1377 1193 1442 de
1208 1377 1275 1442 Ab·

274 1484 441 1566 bondonis,
455 1492 573 1552 terram
595 1511 686 1553 susm
710 1488 748 1553 de
762 1486 941 1570 Wissclegn
962 1493 995 1552 et
1016 1486 1055 1551 de
1070 1486 1275 1565 Winkcfeld;

274 1602 308 1661 ct
322 1604 405 1662 term
420 1598 484 1677 illa,
500 1605 533 1664 et
555 1621 664 1664 omnes
679 1594 747 1664 aliae
769 1605 860 1664 tcrrae
876 1619 949 1676 suae,
964 1606 998 1662 et
1013 1618 1122 1661 omnes
1136 1619 1185 1662 rcs
1200 1621 1274 1677 suae,

273 1715 351 1772 sunt
372 1708 406 1771 in
429 1732 498 1775 mea
521 1711 670 1775 tutelast
692 1710 898 1795 protectione.
944 1709 1050 1774 Quare
1064 1707 1135 1773 volo
1150 1713 1183 1773 ct
1196 1732 1275 1793 prae-

273 1819 354 1904 cipio
379 1821 554 1905 quod=sint
573 1823 662 1900 bene,
689 1828 722 1887 ct
748 1822 781 1885 in
804 1843 890 1906 pace,
911 1820 958 1885 ita
980 1821 1205 1905 nequisquam
1231 1823 1275 1887 eis

274 1930 457 2010 forisfaciat,
480 1933 725 2018 necquicquam
746 1931 819 1996 inde
841 1931 956 2015 capiat.
1001 1929 1085 1995 Quia
1099 1931 1170 1995 volo
1191 1931 1275 2016 qu'od

272 2063 382 2106 omnes
392 2064 511 2107 ressuae
523 2043 643 2108 sintita
654 2045 731 2110 bene
746 2042 908 2108 custoditae
919 2041 1001 2105 sicut
1012 2063 1088 2104 mese
1099 2039 1273 2120 dominicae,

273 2151 307 2214 in
344 2151 490 2216 omnibus
525 2153 628 2218 rebus.
672 2156 763 2220 Teste
797 2153 901 2218 Adam
938 2153 977 2216 de
1013 2150 1145 2227 Beluio;
1189 2151 1275 2236 apud

274 2261 464 2328 Oxeneford.

489 2896 614 2981 [Aeson
635 2913 675 2958 ou
697 2895 883 2959 Aniuonou.
930 2895 1068 2978 1·144?]²

272 3058 342 3124 [The
360 3059 445 3125 bingis
462 3058 522 3108 wzit
539 3057 668 3120 directing
685 3057 743 3106 thot
760 3056 806 3105 the
822 3057 921 3106 cburoh
937 3056 968 3106 of
982 3057 1021 3108 St.
1033 3058 1108 3122 Many
1124 3058 1157 3108 be
1168 3061 1274 3122 exempt

532 3137 599 3186 from
611 3137 667 3196 toll,
679 3150 797 3199 passage,
809 3135 861 3185 und
872 3134 1009 3201 suetonis]

273 3278 475 3354 Smunnnus,
501 3297 556 3340 rex
580 3273 716 3358 Angliae,
733 3273 883 3358 justiciis,
908 3279 942 3339 et
965 3273 1214 3354 vicecomitibus,
1240 3282 1273 3340 ct

269 3386 448 3464 baronibus,
463 3389 497 3450 et
512 3382 658 3448 omnibus
673 3383 839 3458 ministris,
860 3395 894 3447 ct
908 3382 1053 3448 fidelibus
1068 3383 1133 3448 suis
1145 3385 1272 3470 Angliae

269 3503 302 3562 et
317 3501 468 3580 portuum
488 3493 594 3572 muris,
609 3492 754 3557 salutem.
799 3493 950 3579 Praecipio
970 3493 1054 3578 quod
1078 3499 1182 3559 totum
1204 3518 1270 3560 cor·

269 3607 402 3685 redium,
433 3611 467 3670 et
483 3625 600 3690 omnes
620 3626 670 3668 res
691 3601 815 3688 ¹ubbutis
841 3608 874 3667 et
894 3604 1120 3668 monachorum
1146 3603 1270 3670 Sanctae

269 3718 381 3784 Mariae
392 3718 430 3782 de
445 3714 662 3793 Abbendonia,
673 3737 750 3799 quas
764 3714 907 3778 homiues
923 3714 971 3778 sui
986 3713 1182 3779 affidaverint
1198 3739 1269 3781 suns

266 3853 333 3896 esse
354 3825 506 3915 proprias,
527 3825 592 3890 sint
611 3825 725 3910 quietae
749 3823 787 3888 de
811 3823 966 3903 theloneo,
992 3831 1024 3889 et
1049 3826 1212 3910 pasnagio,
1236 3834 1269 3892 et

267 3941 355 4007 omni
378 3937 613 4016 cousuetudine,
636 3959 676 4000 ne
702 3959 795 4020 super
816 3937 882 4001 haec
905 3936 1023 4022 injuste
1038 3937 1267 4020 disturbentur,

265 4076 360 4138 super
373 4051 415 4116 X.
431 4049 527 4114 libras
541 4047 757 4113 forisfactum.
801 4046 948 4112 'festibus
962 4046 1123 4113 Willelmo
1138 4048 1176 4114 ds
1192 4050 1266 4136 Ipra

264 4173 298 4230 ct
314 4163 448 4230 Ricardo
463 4162 501 4227 de
517 4160 606 4226 Luci.

345 4353 351 4385 ¹
369 4351 466 4400 susi
479 4349 547 4398 uon.
561 4346 670 4410 Abingd.
684 4345 732 4396 182
743 4343 819 4409 (uso.
833 4341 926 4409 com).
1131 4345 1142 4378 ²
1159 4345 1199 4396 Ib.
