3286 5150
604 693 606 698 ’
666 694 774 739 nnunr
798 695 833 738 11.
1192 677 1254 740 259

256 841 370 906 dilecto
386 849 419 908 ct
434 843 519 908 fideli
534 865 590 909 suo
607 845 753 910 Galfrido
770 845 809 909 de
825 845 932 910 Mores
948 847 1115 912 senescallo
1129 846 1256 911 honoris

257 952 622 1030 Gloucestriae,salutem.
669 954 861 1018 Mandemus
871 954 970 1032 vobis,
986 955 1067 1038 quod
1075 978 1132 1040 per
1142 955 1256 1020 liberos

255 1069 288 1128 ct
303 1063 420 1148 legales
442 1065 586 1129 homines
601 1063 639 1130 de
662 1065 778 1129 foresta
799 1071 906 1130 nostra
928 1064 966 1130 dc
989 1066 1067 1131 Cors
1087 1065 1257 1150 diligenter

255 1175 422 1258 inquiratis
448 1180 555 1238 utrum
582 1174 679 1239 abbas
711 1174 914 1241 Gloucestriae
946 1181 1063 1240 sectam
1093 1177 1257 1242 consuevit

254 1286 355 1352 faeere
379 1286 418 1350 ad
443 1286 562 1351 curiam
585 1290 726 1350 nostram
753 1284 792 1350 de
817 1285 1057 1370 Wodeleyestile
1087 1309 1143 1370 pro
1168 1293 1255 1352 tene-

254 1401 361 1460 mento
376 1419 432 1460 suo
444 1396 481 1460 de
497 1396 696 1482 Mayesmore
716 1401 857 1479 tempore
876 1395 965 1460 bonae
988 1396 1145 1461 memoriae
1162 1397 1201 1461 R.
1217 1397 1256 1462 de

256 1504 347 1570 Clare
362 1505 520 1590 quondam
534 1505 633 1590 patris
648 1506 758 1586 nostri,
775 1512 807 1570 ct
822 1510 928 1570 utrum
940 1529 1030 1570 canes
1044 1507 1121 1571 dicti
1133 1506 1256 1571 abbatis

254 1622 287 1679 et
321 1617 487 1682 bominum
523 1639 649 1682 suorum
688 1615 725 1680 dc
758 1616 967 1700 Mayesmore,
1004 1617 1189 1702 Hardepire,
1222 1624 1255 1682 et

254 1725 389 1806 Ledeue,
409 1726 552 1792 solebant
577 1725 764 1810 expeditam,
786 1733 818 1789 et
844 1725 871 1790 si
894 1726 999 1791 dictus
1023 1726 1119 1792 abbas
1144 1749 1252 1812 capere

253 1837 370 1918 poterit
394 1835 589 1920 temporibus
618 1835 778 1900 retroactis
808 1836 893 1921 quod
922 1836 1064 1902 voluerat
1093 1836 1132 1902 dc
1162 1838 1255 1903 bosco

253 1946 408 2011 dictorum
433 1946 642 2011 maneriorum
666 1969 793 2011 suorum
819 1947 935 2032 absque
964 1947 1036 2013 visu
1063 1948 1253 2014 ballivorum

253 2063 449 2136 nostrorum
481 2056 610 2142 etquid
640 2057 712 2122 inde
742 2057 924 2122 inveneritis
951 2058 1041 2123 nobis
1065 2058 1123 2122 sub
1149 2058 1254 2141 sigillo

256 2176 358 2235 vestro
383 2175 417 2234 et
441 2167 554 2253 sigillis
580 2189 687 2232 eorum
702 2189 757 2251 per
776 2191 854 2250 quos
875 2168 960 2233 facta
979 2168 1075 2233 fucrit
1090 2169 1254 2253 inquisitio

252 2287 395 2346 constare
411 2279 543 2345 facietis.

297 2393 434 2477 [Return
442 2393 462 2474 :]
478 2391 649 2475 Inquisitio
661 2390 745 2454 faeta
756 2389 789 2453 in
799 2389 892 2475 plena
901 2390 990 2455 curia
999 2391 1037 2457 de
1050 2392 1137 2472 Cors,
1149 2414 1253 2457 coram

253 2502 397 2568 Galfrido
420 2503 458 2566 de
479 2503 588 2566 Mores
610 2500 788 2580 senescallo,
803 2499 854 2564 die
877 2501 1000 2600 sabbati
1021 2503 1163 2587 proxima
1179 2508 1254 2568 ante

252 2614 393 2679 clausum
420 2611 557 2692 Pascha,
587 2635 670 2676 anno
700 2611 961 2696 quinquagesimo
991 2612 1126 2677 secundo
1157 2613 1255 2698 [regis

254 2723 385 2789 Henrici
408 2723 490 2806 III.]
522 2721 561 2787 de
585 2729 669 2786 scota
695 2720 820 2786 abbatis
845 2719 1058 2801 Gloucestriae,
1083 2723 1174 2788 etde
1198 2745 1254 2788 ex-

251 2833 445 2919 peditatione
472 2854 586 2897 canum
616 2853 743 2896 suorum
769 2836 803 2895 et
832 2832 1013 2896 tenentium
1038 2855 1175 2912 suorum,
1199 2855 1255 2918 per

252 2949 482 3010 sacramentum
515 2941 647 3006 Henriei
676 2941 715 3006 de
752 2941 841 3020 Cors,
872 2941 1006 3006 Walteri
1035 2942 1074 3008 de
1105 2943 1254 3024 Marisco,

252 3054 384 3119 Roberti
414 3053 581 3138 Roscelyn,
606 3052 734 3117 Ricardi
763 3051 886 3137 Thoky,
916 3057 950 3117 et
978 3058 1170 3133 caeterorum,
1200 3053 1255 3138 qui

251 3165 363 3230 dicunt
386 3186 442 3248 per
467 3169 697 3228 sacramentum
720 3185 812 3227 suum
835 3162 918 3247 quod
937 3163 1034 3228 abbas
1052 3164 1254 3231 Gloucestriae

251 3296 415 3359 nunquam
437 3273 602 3338 consuevit
623 3272 722 3337 facere
745 3279 862 3337 sectam
885 3273 925 3336 ad
948 3272 1067 3338 curiam
1082 3275 1120 3342 de
1139 3275 1254 3340 Wode·

251 3383 391 3469 leyestile
404 3405 462 3467 pro
477 3387 657 3446 tenemento
672 3403 728 3445 suo
744 3380 783 3445 de
798 3382 998 3465 Mayesmore
1010 3389 1150 3468 tempore
1161 3384 1251 3450 bonae

251 3492 409 3559 memoriae
436 3492 476 3556 R.
503 3490 541 3559 de
572 3490 663 3554 Clare
693 3489 790 3574 patris
814 3490 950 3555 Gilberti
979 3491 1017 3558 de
1048 3492 1140 3558 Clam
1167 3517 1254 3560 nunc

250 3603 385 3681 comitis,
400 3623 458 3666 neo
472 3623 564 3665 canes
579 3599 657 3664 dicti
670 3599 805 3676 abbatis,
819 3621 876 3665 neo
891 3599 1057 3664 hominum
1072 3624 1200 3668 suorum
1213 3604 1252 3669 de

251 3717 462 3799 Mayesmore,
492 3710 530 3776 de
561 3708 745 3795 Hardepire,
775 3709 813 3775 de
849 3710 982 3789 Ledeue,
1012 3733 1077 3776 non
1105 3712 1250 3779 solebant

250 3821 427 3912 expeditori
435 3819 630 3907 temporibus
644 3819 816 3885 retroactis.
860 3821 905 3885 Et
916 3819 1021 3886 dictus
1035 3821 1131 3887 abbas
1143 3844 1251 3909 capere

250 3935 357 4025 potuit
381 3933 573 4019 temporibus
601 3929 763 3997 retroactis
793 3931 877 4016 quod
909 3931 1052 3997 voluerat
1080 3932 1118 3998 de
1150 3933 1251 3999 boscis

250 4050 407 4115 dictorum
430 4044 639 4110 maneriorum
664 4064 792 4107 suorum
816 4043 932 4127 absque
961 4041 1033 4108 visu
1062 4043 1250 4111 ballivorum

251 4158 373 4226 domini
387 4153 520 4223 comitis.
