3280 5132
710 638 820 684 nsunt
843 639 864 684 1.

398 817 525 899 [Anser
546 817 703 881 anrrros
725 838 752 881 v.
775 817 946 898 Wmmrn,
967 835 1031 881 rme
1055 816 1174 883 Knro's

577 925 828 993 Ossnnnnmrrr.
875 930 1000 1012 1101.]¹

290 1082 359 1149 [The
371 1084 488 1147 pleintiff
494 1101 613 1136 renovers
626 1087 765 1150 judgmsnt
776 1087 805 1136 in
815 1089 919 1150 respect
929 1087 960 1137 of
973 1102 990 1137 o
1000 1087 1117 1152 knight’s
1134 1089 1183 1149 fes,
1200 1089 1228 1138 in
1244 1088 1291 1138 the

353 1177 477 1224 presenee
504 1163 535 1213 of
556 1165 601 1213 the
622 1164 685 1214 wiso
708 1181 776 1226 men,
799 1169 828 1214 to
854 1165 908 1224 wit,
937 1165 1047 1226 sheriffs,
1070 1166 1213 1230 justieisrs,
1238 1166 1291 1216 end

352 1243 470 1309 barone]

287 1370 352 1434 Esn
370 1371 464 1455 juxta
487 1371 708 1438 Abbendoniae
729 1373 868 1456 burgum
892 1373 989 1438 onius
1015 1373 1127 1439 militis
1157 1375 1289 1454 mansio,

287 1503 358 1566 quse
385 1482 461 1546 Leia
486 1489 635 1562 vocatum
670 1484 752 1548 hane
768 1483 958 1564 Willelmus,
982 1483 1066 1568 regis
1091 1485 1289 1564 camerarius,

287 1591 326 1657 de
364 1593 543 1671 Lundonin,
581 1595 721 1673 tenebat,
758 1595 812 1659 sed
848 1595 973 1658 nullum
1010 1595 1083 1660 inde
1124 1595 1289 1661 servitium

287 1703 401 1768 militis
437 1705 488 1769 vel
523 1705 709 1790 homagium
746 1705 861 1771 domno
901 1705 1020 1770 Foritio
1059 1704 1179 1786 abbati,
1215 1729 1288 1771 oum

287 1814 447 1879 abbatiam
483 1816 586 1900 primo
622 1817 818 1901 suscepisset,
848 1817 1028 1902 impendere
1063 1816 1199 1882 volebat.
1243 1818 1289 1882 Et

286 1926 425 2010 contigit
450 1927 630 1993 intereant
654 1951 709 1993 rex
736 1927 896 1993 Henrieus
921 1933 1032 1992 eontra
1047 1927 1179 1992 fratrem
1194 1951 1288 1992 snum

288 2037 474 2118 Robertum,
485 2039 691 2104 Normonniae
701 2039 862 2120 comitem,
872 2062 965 2124 super
980 2061 1012 2104 se
1034 2037 1068 2102 in
1084 2038 1205 2123 Anglia
1215 2061 1288 2104 enm

287 2150 424 2215 exercitu
435 2151 625 2230 venientem,
637 2151 737 2216 totius
753 2151 845 2235 regni
860 2149 909 2214 sui
920 2149 1152 2234 expeditionem
1167 2149 1290 2234 dirigit.

287 2261 369 2326 Tum
416 2262 513 2326 obbas
558 2285 578 2326 e
614 2261 777 2327 Willelmo
821 2260 1129 2346 repraesentationem
1176 2260 1289 2327 militis

286 2379 462 2457 expectens,
487 2396 543 2439 neo
569 2373 609 2437 ab
635 2375 703 2458 ejus
728 2371 971 2458 importunitate
1000 2371 1184 2456 impetrans,
1213 2394 1288 2455 prn-

285 2483 397 2548 denter
419 2483 452 2548 id
477 2484 625 2562 sustinet,
649 2489 682 2548 et
707 2482 842 2548 militem
873 2481 939 2566 ipse
963 2481 1131 2566 quaesitum
1154 2482 1288 2546 alterum

286 2593 447 2678 supponit.
491 2594 613 2660 Verum
628 2615 702 2677 rege
716 2593 807 2657 fratri
822 2615 879 2657 suo
892 2591 979 2676 penis
994 2591 1172 2656 firmatione
1187 2591 1288 2672 unito,

286 2704 409 2770 abbatis
437 2705 573 2769 testibus
608 2726 713 2769 eoram
750 2702 903 2782 deductis,
928 2701 1013 2787 quod
1050 2700 1186 2766 militem
1222 2701 1288 2766 haee

285 2815 438 2900 possessio
467 2823 608 2900 tempore
639 2813 769 2880 senioris
804 2813 889 2897 regis
918 2811 1074 2877 Willelmi
1103 2819 1136 2878 et
1163 2811 1288 2878 abbatis

285 2926 415 2992 Adelmi
439 2925 571 3005 invenit,
586 2947 671 2990 nune
696 2948 770 2990 vero
796 2947 870 2989 eum
893 2923 1041 3008 regnanti
1064 2923 1133 3008 regi
1149 2924 1288 2990 Henrioo

285 3043 317 3102 et
343 3038 452 3102 eodem
475 3036 635 3121 indigenti
659 3042 818 3101 retentum
847 3035 951 3121 palam
976 3033 1083 3114 fuerit,
1109 3034 1232 3100 temdin
1254 3036 1287 3100 in

284 3148 450 3234 presentia
474 3147 667 3232 sapientium
692 3148 774 3213 hone
798 3169 865 3213 rem
890 3146 1037 3211 ventilari
1060 3146 1146 3226 fecit,
1173 3151 1211 3210 nt
1233 3146 1287 3211 ille

283 3266 432 3326 neutrum
461 3263 603 3343 negaret,
633 3258 730 3322 immo
761 3257 854 3322 fateri
884 3257 928 3321 sio
959 3279 1024 3321 esse
1061 3279 1135 3321 vere
1167 3258 1288 3323 ratione

285 3376 461 3454 cogeretur.
507 3368 603 3433 Unde
628 3390 702 3432 oum
731 3368 803 3453 lege
832 3366 945 3450 patries
975 3367 1136 3432 decretum
1167 3391 1287 3452 proces

284 3483 377 3547 sisset
392 3483 498 3566 ipsum
512 3486 669 3545 exsortem
696 3485 786 3544 terrm
813 3478 925 3543 merito
951 3478 1063 3544 debere
1088 3478 1166 3557 fieri,
1189 3479 1286 3543 inter-

283 3593 452 3679 pellatione
488 3592 653 3668 bonorum,
685 3593 740 3677 qui
778 3590 964 3668 intererant,
995 3589 1146 3666 virorum,
1183 3588 1287 3653 reddit

283 3711 401 3770 terram
425 3704 519 3768 illam‘
543 3703 592 3767 illi
622 3726 658 3768 eo
688 3709 808 3780 tenore,
834 3701 918 3785 quod
948 3699 1129 3764 Willelmus
1158 3699 1287 3765 effeetus

284 3823 332 3882 est
357 3817 452 3881 homo
475 3814 584 3900 ipsius,
599 3820 633 3880 et
654 3812 761 3878 deoem
775 3810 872 3876 libres
886 3833 943 3895 pro
957 3808 1174 3874 emendatione
1189 3809 1287 3890 dedit,
1317 3813 1318 3816 ’

283 3933 317 3993 et
335 3926 501 3992 servitium
525 3925 618 3990 unius
638 3922 750 3988 militis
766 3923 866 3986 faeere
884 3920 977 3986 debet
992 3919 1026 3983 in
1042 3919 1128 3984 omni
1143 3919 1210 3985 loeo
1232 3921 1286 3986 ubi

283 4037 387 4104 ooeteri
399 4037 540 4102 homines
551 4035 686 4100 ecclesie
694 4033 816 4099 faciunt
825 4031 989 4096 servitium
1001 4029 1151 4110 militum,
1159 4037 1192 4096 et
1205 4032 1286 4096 nulli

284 4174 424 4236 unquam
441 4150 535 4216 debet
551 4149 640 4214 illem
662 4153 778 4212 terrem
798 4145 942 4224 vendere,
973 4144 1024 4210 vel
1045 4144 1286 4225 vadimonizere,

498 4372 507 4406 ¹
523 4373 621 4424 efflet.
637 4373 706 4422 Mon.
717 4369 831 4434 Abingd.
844 4369 892 4419 128
903 4367 974 4432 (Boo
987 4365 1079 4430 Gom).
