3286 5150
365 637 427 700 214
610 654 743 700 emona
766 653 1116 701 arcuo-nonnarnrcr.

364 807 540 872 Robertum
562 805 709 870 comitem
725 804 912 885 lreicestriae,
927 812 960 872 et
987 806 1203 891 Reginaldum
1222 806 1370 872 comitem

363 917 529 982 Cornubiae
556 917 596 982 ad
622 916 793 983 videndum
818 916 1037 1002 aegritudinem
1064 917 1157 981 illius.
1204 918 1269 984 Qui
1298 941 1370 983 cum

363 1029 533 1108 venissent,
548 1028 738 1094 invenerunt
760 1029 852 1092 illum
872 1029 906 1092 in
921 1029 1002 1094 lecto
1013 1030 1173 1118 jacentem
1197 1030 1369 1112 infirmum,

362 1144 395 1204 et
416 1141 456 1205 ad
480 1140 666 1226 petitionem
690 1139 776 1206 illins
798 1141 953 1206 dederunt
977 1141 1007 1205 ei
1032 1147 1206 1226 respectum
1223 1141 1370 1207 veniendi

362 1251 404 1316 ad
416 1251 536 1316 curiam
560 1274 659 1336 usqne
684 1274 786 1317 mane.
832 1251 952 1317 Eodem
968 1252 1020 1317 die
1042 1253 1164 1317 dictum
1187 1258 1255 1317 erat
1280 1252 1309 1317 ei
1337 1258 1370 1318 et

362 1361 549 1426 nunciatum
565 1385 584 1427 a
599 1361 808 1426 familiaribus
822 1361 918 1446 regia,
934 1361 1017 1446 quod
1041 1362 1069 1426 si
1095 1362 1161 1448 ipse
1188 1363 1227 1426 ad
1250 1361 1369 1427 orniam

362 1471 447 1556 regis
463 1472 611 1552 venisset,
626 1471 678 1537 vel
692 1471 931 1550 interficeretur,
947 1471 997 1536 vel
1021 1471 1055 1536 in
1082 1493 1235 1538 cameram
1259 1471 1368 1537 mitte·

363 1587 459 1647 retur.
500 1634 507 1649 .
549 1632 556 1648 .
597 1632 605 1649 .

397 1741 464 1810 [The
490 1744 647 1808 archbishop
665 1745 807 1796 celebrates
825 1759 903 1804 mass,
915 1742 966 1792 and
978 1744 1042 1793 then
1052 1759 1113 1807 goes
1124 1749 1153 1794 to
1169 1749 1251 1806 court,
1262 1746 1370 1810 bearing

363 1822 405 1872 his
421 1823 529 1872 oruoiflx
547 1822 634 1873 before
653 1823 717 1872 him.
750 1823 804 1872 'l'ho
816 1822 922 1884 bishops
933 1826 977 1885 try
988 1823 1016 1870 in
1031 1823 1093 1871 rain
1110 1826 1139 1872 to
1156 1823 1249 1872 induce
1268 1823 1323 1872 him
1341 1827 1370 1872 to

363 1904 406 1968 lay
417 1904 439 1953 it
450 1906 535 1956 down.
568 1905 609 1954 He
627 1905 765 1954 meditatos
784 1917 884 1965 escape,
896 1903 988 1966 saying
1006 1904 1066 1953 that
1083 1905 1117 1954 he
1137 1905 1189 1954 had
1206 1905 1329 1968 appealed
1341 1909 1370 1953 to

362 1987 408 2036 the
422 2002 496 2050 pope,
508 1986 561 2037 and
577 1987 641 2036 calls
658 2001 729 2050 upon
748 1987 793 2034 the
812 1985 920 2046 bishops
937 1989 966 2033 to
983 1986 1069 2035 notice
1087 1987 1125 2047 it;
1141 1987 1190 2036 but
1207 1987 1239 2036 he
1250 1986 1312 2036 does
1323 1991 1369 2034 not

363 2068 445 2118 leuve.
480 2069 534 2118 Tho
545 2083 605 2118 oeae
616 2083 674 2117 now
685 2067 810 2130 proceeds
821 2081 850 2116 as
861 2065 962 2115 follows
970 2065 1023 2130 :-]

405 2242 494 2306 Tunc
509 2263 616 2306 omnes
631 2241 767 2326 episcopi
783 2242 991 2308 laudaverunt
1002 2241 1042 2320 ei,
1053 2239 1164 2324 utipse
1176 2239 1368 2304 satisfaciens

362 2351 521 2417 voluntati
547 2351 640 2437 regis,
669 2353 809 2418 redderet
832 2353 862 2418 ei
887 2351 1186 2437 archiepiscopatum
1212 2373 1303 2414 sunm
1333 2351 1368 2414 in

362 2462 571 2528 misericordia
604 2461 699 2542 illius,
732 2462 786 2528 sed
815 2463 1062 2550 archiepiscopus
1090 2462 1193 2528 noluit
1221 2463 1265 2528 eis
1296 2462 1369 2528 inde

363 2575 495 2640 credere.
539 2574 628 2639 'luno
642 2574 807 2640 mandavit
820 2574 850 2640 ei
865 2599 920 2642 rex
934 2599 989 2662 per
1009 2575 1127 2640 milites
1145 2595 1226 2654 suos,
1241 2579 1279 2638 ut
1301 2575 1368 2638 sine

361 2684 512 2750 dilatione
526 2683 658 2765 veniret,
672 2690 706 2750 et
719 2685 860 2751 redderet
874 2687 904 2752 ei
915 2685 1086 2772 plenariam
1100 2683 1368 2770 computationem

363 2795 400 2861 de
417 2794 561 2860 omnibus
579 2795 720 2882 receptis,
736 2818 804 2881 qnae
828 2801 985 2882 receperat
1008 2795 1046 2861 de
1070 2795 1243 2861 redditibus
1266 2794 1367 2877 regni,

362 2907 512 2990 quamdiu
527 2907 728 2972 cancellarius
743 2909 812 2991 ejus
826 2907 910 2985 fuit3
932 2912 965 2972 et
980 2906 1169 2971 nominatim
1184 2907 1223 2972 de
1233 2905 1368 2988 triginta

362 3015 503 3081 millibus
514 3016 666 3080 librarum
676 3016 811 3101 argenti.
850 3017 974 3082 Quibus
985 3015 1232 3103 archiepiscopus
1242 3038 1367 3100 respon·

362 3126 412 3191 dit
424 3149 431 3190 :
455 3126 644 3191 “Dominus
659 3149 746 3191 meus
761 3149 816 3192 rex
831 3126 901 3206 scit,
917 3127 1000 3210 quod
1010 3149 1070 3212 ego
1082 3127 1195 3213 saepins
1210 3127 1240 3192 ei
1248 3127 1369 3191 reddidi

362 3236 629 3321 computationem
646 3237 686 3301 de
697 3237 843 3301 omnibns
854 3237 904 3302 his
917 3260 986 3321 qna
995 3237 1061 3323 ipse
1070 3239 1163 3303 modo
1178 3262 1197 3302 a
1211 3261 1261 3304 me
1275 3237 1366 3324 petit,

361 3353 530 3434 antequam
540 3346 655 3414 electus
665 3347 795 3414 fuissem
804 3349 845 3413 ad
853 3348 1150 3435 archiepiscopatum
1161 3347 1366 3414 cantuarien-

362 3481 437 3524 sem.
472 3460 517 3524 Et
531 3457 564 3522 in
581 3458 730 3524 electione
742 3482 810 3525 mea
826 3459 982 3525 Henricus
993 3458 1075 3524 filius
1086 3460 1164 3545 ejus,
1174 3458 1225 3522 cui
1233 3480 1367 3543 regnum

361 3569 542 3657 adjuratum
557 3569 630 3649 fuit,
645 3576 678 3636 et
693 3593 801 3636 omnes
815 3571 948 3636 barones
958 3570 1112 3650 scaccarii,
1123 3575 1156 3634 et
1166 3569 1321 3634 Ricardus
1329 3570 1368 3634 de

362 3681 440 3746 Luci
450 3681 642 3766 justitiarius
651 3681 788 3766 Angliae,
798 3681 1014 3747 clamaverunt
1029 3704 1080 3747 me
1095 3679 1248 3765 quietum,
1258 3680 1368 3746 Decet

362 3799 478 3876 sanctae
488 3793 632 3874 ecclesiae,
648 3794 687 3857 de
702 3792 847 3857 omnibus
864 3793 995 3878 receptis
1021 3798 1055 3858 et
1069 3791 1367 3878 computationibus,

361 3911 394 3969 et
402 3905 442 3968 ab
454 3905 540 3970 omni
552 3903 691 3970 seculari
702 3903 863 3969 exactione
878 3926 916 3969 ex
930 3909 1020 3988 parte
1030 3903 1150 3968 domini
1159 3902 1263 3988 regis3
1282 3901 1368 3966 etsie

361 4014 488 4080 liberet
503 4015 663 4080 absolutus
678 4015 795 4080 electus
811 4015 858 4079 fui
873 4014 913 4078 ad
927 4015 1022 4103 hujus
1049 4014 1142 4080 officii
1165 4012 1365 4080 administra-

362 4126 499 4204 tionem;
524 4132 556 4191 et
572 4125 640 4191 ideo
652 4125 789 4210 amplius
801 4126 873 4190 nolo
883 4125 956 4191 inde
965 4125 1146 4212 placitare.’'
1191 4123 1284 4190 Quod
1295 4146 1367 4187 curn

363 4237 432 4320 regi
455 4243 620 4316 constaret,
647 4237 729 4302 dixit
753 4237 920 4301 baronibus
947 4237 1020 4316 suis,
1041 4236 1144 4301 “Oite
1169 4235 1262 4299 facite
1288 4233 1367 4299 mihi

358 4347 513 4432 judicium
537 4349 575 4414 de
600 4349 665 4428 illo,
681 4349 734 4432 qui
760 4349 854 4412 homo
878 4371 965 4414 mens
979 4347 1075 4433 ligius
1090 4352 1147 4422 est,
1163 4353 1195 4411 et
1210 4353 1292 4412 stare
1301 4344 1366 4430 jun'
