3298 5162
342 639 405 702 314
753 660 925 706 nnnsnnrx.

342 829 465 864 niernum.
504 809 540 864 Et
560 811 587 864 in
609 811 691 865 Curia
708 812 789 882 Regis
811 811 968 883 dispendidi,
994 813 1022 866 in
1040 812 1124 877 donis,
1142 814 1169 866 in
1186 832 1250 868 auro
1270 817 1296 869 et
1315 815 1342 868 in

340 897 451 964 urgento
471 897 498 947 et
517 893 543 946 in
566 893 649 963 equis,
672 893 783 949 sedecim
805 912 905 948 mamas
927 899 954 950 et
972 895 1120 950 dimidiam.
1157 896 1192 951 ut
1213 897 1343 968 magistro

341 980 420 1035 Petro
432 980 465 1034 de
477 978 633 1034 Littleberia
643 979 703 1034 dedi
715 981 894 1052 quadraginta
911 980 1016 1037 solidos.
1054 982 1091 1037 ut
1107 983 1135 1037 in
1148 984 1250 1038 eaeierie
1261 984 1342 1055 plari·

342 1067 472 1122 tatoribus
490 1066 522 1122 de
540 1066 631 1121 amicis
651 1068 723 1131 meis,
735 1069 780 1139 qui
799 1068 833 1122 ed
851 1068 950 1140 placita
962 1087 1021 1124 mee
1038 1069 1159 1125 solebant
1171 1071 1269 1134 venire,
1288 1071 1342 1125 dis-

340 1153 447 1225 pendidi
476 1154 504 1208 in
533 1157 642 1224 argento
668 1159 695 1210 eh
717 1153 747 1208 iu
768 1154 842 1226 equis
866 1155 997 1210 donandis
1022 1156 1161 1213 duodecim
1186 1176 1288 1213 mareas
1312 1161 1340 1214 et

339 1239 485 1296 dimidiam.

825 1533 867 1598 G.

341 1666 551 1722 JUDGMENT
568 1667 616 1724 Oh*
634 1668 803 1723 TREASON
820 1669 960 1724 UPONA
978 1668 1343 1726 vlcucuaucuunou

729 1771 781 1826 AN
784 1772 809 1826 D
820 1771 953 1828 OLERK.

344 1908 477 1978 [Hasna.
487 1909 547 1964 Sor
556 1924 593 1964 or
605 1909 765 1974 ruralium,
777 1929 801 1964 v.
816 1909 1219 1974 enm,v1ca-cmaemor.
1235 1911 1341 1981 1176]Ι

378 2031 449 2100 [The
461 2029 550 2101 hing's
563 2049 610 2086 son
628 2031 732 2102 fleury,
750 2029 833 2085 called
845 2031 893 2086 the
904 2050 997 2103 young
1008 2032 1084 2102 king,
1097 2032 1188 2086 makes
1201 2031 1302 2086 friends
1314 2035 1344 2087 at

342 2117 469 2174 Poiciiers
482 2135 579 2189 among
597 2117 639 2172 his
657 2117 764 2172 fathers
781 2118 905 2173 euemies.
940 2119 1107 2190 Whereupou
1122 2118 1167 2173 the
1185 2119 1254 2173 son'e
1275 2119 1343 2174 vioe—

342 2204 488 2260 ohaneellor
500 2204 588 2259 writes
600 2209 629 2259 ho
640 2205 686 2260 tue
698 2205 767 2277 king
776 2211 804 2260 to
813 2204 913 2260 inform
926 2205 983 2259 him
996 2205 1027 2260 os
1035 2205 1081 2260 the
1094 2205 1167 2260 iacis
1204 2205 1262 2260 But
1275 2205 1344 2261 heis

343 2292 462 2347 detrehed
480 2291 533 2346 und
551 2292 675 2356 anested,
694 2292 755 2357 and,
774 2311 789 2346 a
807 2297 882 2347 court
895 2292 977 2362 being
988 2291 1133 2347 assernbled
1146 2291 1181 2364 by
1193 2291 1239 2347 the
1251 2311 1344 2364 young

342 2379 417 2449 iring,
438 2379 472 2434 he
492 2379 514 2433 is
534 2378 694 2434 condemned
713 2384 742 2434 to
757 2379 847 2433 death.
884 2379 928 2432 He
949 2379 971 2432 is
992 2379 1071 2432 saved
1091 2377 1128 2449 by
1140 2379 1186 2434 the
1204 2379 1298 2451 bishop
1316 2379 1348 2434 of

344 2461 472 2516 Poiotiers
496 2481 525 2516 ae
549 2480 565 2516 e
588 2461 667 2524 oleris,
691 2461 744 2516 end
767 2462 833 2516 then
858 2461 966 2516 ordered
992 2461 1030 2532 by
1048 2460 1094 2515 the
1118 2461 1238 2531 pleintiff
1258 2467 1288 2516 io
1312 2463 1344 2518 bo

342 2544 469 2616 soourged
490 2544 542 2600 und
564 2544 731 2616 imprisoned.
768 2544 824 2599 'I'he
842 2544 909 2616 king
928 2543 1017 2600 orders
1039 2544 1085 2599 the
1097 2543 1239 2599 defenduut
1258 2549 1287 2600 to
1311 2545 1344 2600 he

343 2637 403 2688 seni
415 2638 442 2688 io
455 2633 519 2696 him,
532 2632 584 2687 aud
596 2632 717 2688 commite
729 2631 786 2687 him
798 2635 827 2686 io
840 2633 885 2687 the
898 2631 1008 2703 onstody
1018 2630 1048 2688 of
1057 2632 1103 2686 the
1115 2631 1195 2686 abboh
1206 2631 1344 2704 onyde.]

378 2719 494 2775 «iuvenis
511 2725 601 2774 eutem
623 2739 667 2775 rex
685 2739 745 2775 oum
764 2721 792 2774 in
811 2720 898 2774 reditu
917 2739 965 2774 suo
978 2719 1095 2774 venisset
1106 2737 1190 2792 usque
1202 2719 1345 2785 Pictavim,

343 2807 442 2862 milites
461 2807 601 2862 nonnullos
621 2807 652 2862 de
673 2807 785 2862 Frunoia
804 2811 832 2862 eh
846 2805 1020 2872 Normauuia,
1033 2825 1098 2878 quoe
1116 2811 1191 2878 pater
1203 2825 1266 2861 enus
1284 2807 1344 2861 odio

343 2893 463 2958 habebut,
483 2913 531 2966 pro
551 2913 581 2949 eo
600 2894 670 2966 quod
689 2913 749 2949 oum
767 2893 813 2950 illo
832 2899 908 2948 eraut
926 2898 1017 2950 oouhre
1029 2912 1090 2948 eum
1102 2897 1219 2966 tempore
1231 2913 1344 2966 guerra,

345 2981 458 3036 retinuit
479 2999 574 3044 secum,
593 2985 621 3036 et
635 2980 776 3036 familiares
789 2999 850 3035 suos
863 2980 936 3036 fecit.
973 2980 1050 3048 Quod
1063 2999 1123 3035 cum
1137 2981 1222 3035 Adam
1235 2982 1344 3036 clericus

345 3069 453 3138 Rogerii
475 3066 647 3121 Eboracensis
668 3066 868 3137 amhiepisoopo,
891 3067 935 3136 qui
957 3067 1039 3121 vicem
1058 3067 1204 3122 cancellarii
1225 3069 1345 3124 incuria

340 3155 449 3224 juvenis
469 3153 540 3224 regis
558 3152 675 3223 gerebat,
695 3153 750 3208 loeo
771 3153 892 3208 Gausridi
913 3153 1048 3224 praepositi
1066 3153 1210 3220 Beverlaoi,
1223 3156 1257 3210 ad
1269 3155 1345 3226 cujus

344 3260 410 3312 opus
433 3239 574 3312 prmdiotus
598 3239 770 3294 Eboraceusis
798 3239 1008 3312 archiepiscopus
1036 3241 1215 3296 cancellarium
1239 3243 1345 3314 Angue

344 3333 446 3384 emerat
471 3327 531 3398 [pro
555 3326 690 3397 undecim]
716 3325 834 3382 millibus
859 3327 954 3382 mareis
977 3327 1090 3400 urgenti,
1118 3329 1236 3392 vidisset,
1260 3328 1346 3384 doluit

345 3417 523 3472 vehementer.
561 3414 599 3470 Et
618 3413 688 3470 sieut
707 3413 821 3480 decebat,
834 3419 861 3470 et
880 3415 949 3470 siout
966 3415 1069 3470 debitor
1086 3421 1145 3470 eret
1164 3415 1270 3470 domiuo
1289 3416 1346 3486 regi

346 3505 392 3577 qui
404 3522 465 3558 eum
477 3521 538 3558 cum
551 3501 666 3557 filiosuo
679 3506 811 3573 posuerat,
823 3501 866 3557 eui
879 3501 960 3557 etiem
973 3503 1029 3574 ipse
1041 3502 1195 3557 fidelitatem
1207 3503 1347 3574 juraverat

344 3595 436 3646 contra
448 3609 539 3646 omnes
551 3590 678 3653 homiues,
688 3608 807 3661 personae
820 3607 874 3644 sure
887 3589 998 3645 dedecus
1010 3593 1037 3644 et
1049 3589 1125 3660 regni
1138 3589 1179 3642 sui
1192 3607 1345 3658 gravamen,

343 3679 414 3750 quod
435 3697 481 3749 per
493 3677 607 3732 aduenas
619 3676 679 3730 illos
692 3680 782 3746 posset
793 3676 905 3740 evenire,
918 3675 1127 3747 premeditavim
1145 3675 1274 3731 sustinere
1292 3695 1346 3731 nou

345 3765 434 3838 potuit
452 3783 500 3820 neo
518 3763 625 3828 debuit3
645 3763 690 3817 sed
711 3762 804 3818 statim
825 3767 930 3834 arrepto
948 3763 1018 3828 etilo,
1031 3762 1146 3833 eapitule
1158 3763 1279 3834 quaedam
1291 3769 1347 3818 tur·

345 3853 455 3924 pissime
479 3855 505 3906 et
530 3850 623 3905 auditu
647 3849 779 3904 horrenda
798 3850 895 3920 scripto
913 3848 1114 3913 commendavit,
1133 3855 1161 3904 et
1185 3850 1285 3905 domini
1305 3849 1347 3904 sui

344 3943 444 3994 secretu
463 3937 571 4003 detexit,
593 3941 620 3992 et
640 3955 671 3991 re
690 3935 797 3991 donnino
819 3937 878 4008 regi
898 3937 926 3991 in
945 3937 1072 4010 Anglium
1085 3937 1190 3992 mittere
1202 3937 1347 3993 festinavih

345 4027 396 4082 Sed
421 4031 561 4097 antequam
585 4026 763 4090 mitterentur,
788 4024 859 4079 male
883 4043 932 4079 sua
950 4025 1052 4080 detecta
1071 4031 1134 4080 sunt
1152 4031 1179 4080 et
1197 4025 1302 4097 prolata
1319 4026 1348 4080 iu

344 4118 484 4184 conspectu
498 4113 568 4183 regis
580 4112 681 4167 domini
695 4112 745 4166 sui.
784 4111 822 4166 ut
835 4111 932 4182 ipsein
946 4112 1032 4167 modio
1044 4112 1141 4167 ductus
1158 4114 1292 4167 consessus
1310 4119 1349 4168 est

344 4205 372 4255 eh
393 4219 445 4254 non
468 4200 583 4270 negavit.
619 4201 694 4254 Tunc
714 4217 759 4254 rex
771 4198 925 4254 convocatis
937 4199 1101 4270 principibus
1114 4201 1177 4266 suis,
1190 4200 1270 4255 simul
1288 4219 1349 4254 cum

665 4383 670 4415 ¹
692 4383 775 4438 Gesta
787 4381 858 4438 Heu.
872 4383 921 4446 ΙΙ.,
936 4384 994 4436 122.
