3280 5132
689 663 832 708 umnmn
856 665 893 711 11.
1253 655 1291 717 71

275 871 279 878 .
293 813 446 889 consensi,
461 818 494 878 et
506 835 566 898 ego
581 813 676 878 abbas
691 815 861 881 Tunstinus
880 817 1112 914 Glastoniensis
1131 843 1292 886 assensum

293 919 423 1008 praebui,
438 929 498 989 etc.
524 923 589 990 Qui
604 924 731 1008 quidem
745 927 891 992 cultellus
900 929 987 1012 jacet
1002 929 1035 992 in
1052 931 1165 996 feretro
1183 933 1293 997 Sancti

295 1035 444 1100 Rumoni.
489 1035 530 1099 In
554 1034 642 1119 cujus
666 1038 834 1103 manubrio
857 1038 1005 1106 inseritur
1028 1040 1103 1106 talis
1126 1043 1291 1128 scriptura.

294 1146 334 1226 ›1‹
349 1146 420 1230 Ego
437 1145 636 1220 ¹Willielmus
662 1170 718 1212 rcx
739 1149 812 1214 dedi
831 1150 899 1216 Deo
919 1158 952 1217 et
975 1153 1100 1217 Sanctae
1122 1153 1234 1219 Marisa
1255 1156 1294 1220 dc

294 1255 437 1320 Tavistoc
452 1262 567 1322 terram
584 1256 776 1325 chriutun.

327 1393 375 1442 Sec
392 1393 480 1442 Abbot
495 1393 526 1443 of
541 1395 688 1457 Taviatock,
701 1403 765 1457 autc,
777 1413 802 1460 p.
811 1399 851 1460 61,
864 1399 1012 1462 aprovious
1027 1400 1132 1465 disputa
1150 1401 1230 1452 about
1248 1403 1294 1452 tho

294 1481 472 1529 aams'manor,
484 1471 558 1554 thane
568 1473 652 1522 called
664 1473 798 1524 Olwritou.

294 2054 432 2120 CASES
467 2055 524 2122 OF
554 2057 660 2122 THIS
693 2057 839 2122 REIGN
873 2057 932 2122 OF
964 2058 1070 2124 Lsss
1094 2058 1295 2125 CERTAIN

731 2167 861 2232 Deus.

575 2320 713 2404 [Monac
734 2339 774 2384 ou
797 2321 847 2384 Sc.
873 2321 1027 2404 Baunu.]¹

296 2456 362 2522 [Tha
379 2455 465 2519 king's
482 2455 542 2504 writ
558 2455 680 2518 ordsring
691 2469 724 2504 au
735 2457 868 2520 assembly
879 2455 908 2506 oi
926 2457 972 2506 tha
992 2460 1088 2521 oounty
1099 2457 1129 2507 of
1138 2458 1232 2518 Hnnts,
1245 2458 1297 2508 and

360 2550 394 2583 an
405 2534 556 2597 inquisition
570 2531 605 2598 (i)
617 2533 673 2582 into
684 2533 729 2582 tha
740 2534 801 2583 titla
818 2537 846 2582 to
856 2535 919 2584 land
935 2537 964 2584 at
981 2535 1069 2584 Isham
1085 2536 1113 2584 in
1130 2536 1175 2585 tha
1191 2537 1254 2586 tima
1271 2536 1301 2586 of

359 2612 401 2660 hia
412 2612 505 2671 father,
517 2615 546 2660 at
563 2611 608 2659 tha
620 2611 674 2660 suit
691 2609 719 2660 of
735 2611 781 2659 the
798 2612 890 2660 monks
906 2611 936 2661 oi
951 2611 989 2660 st.
1008 2611 1108 2673 Benat;
1126 2613 1246 2663 followed
1260 2614 1297 2677 by

360 2689 402 2738 his
412 2688 472 2737 urit
484 2688 514 2737 ot
521 2687 657 2737 execution
667 2687 696 2735 in
708 2687 801 2736 favour
811 2688 839 2736 of
850 2689 896 2738 tho
906 2687 1012 2752 nubea]

297 2804 379 2881 Rnx,
394 2803 567 2867 willielmo
583 2803 621 2868 de
636 2802 806 2877 (iohannis,
819 2803 963 2869 salutem.
1009 2804 1158 2889 Praecipio
1173 2805 1244 2885 tibi,
1259 2813 1297 2872 ut

295 2915 391 2979 facias
417 2913 582 2979 convenire
608 2913 719 2977 sciram
745 2912 784 2977 de
810 2913 984 2993 Hamtona,
1010 2920 1043 2979 et
1067 2914 1188 3002 judicio
1217 2917 1295 3000 ejus,

295 3047 456 3111 cognosce,
472 3025 498 3089 si
524 3031 609 3089 terra
633 3024 671 3089 de
698 3025 807 3088 Isham
832 3024 970 3089 reddidit
996 3025 1119 3089 firmam
1135 3027 1297 3092 monachis

297 3137 407 3202 Sancti
423 3135 597 3214 Benedicti,
613 3141 753 3220 tempore
769 3135 867 3220 patris
883 3135 956 3216 mei,
972 3141 1005 3200 et
1020 3136 1047 3200 si
1062 3137 1109 3201 ita
1129 3137 1295 3230 inventum

296 3249 403 3329 fucrit,
418 3249 462 3313 sit
487 3249 522 3312 in
548 3247 688 3312 dominio
712 3246 835 3311 abbatis
845 3273 856 3327 3
888 3246 916 3312 si
939 3270 1013 3312 vero
1036 3247 1198 3314 teinlanda
1219 3255 1297 3316 tunc

294 3361 391 3425 fuisse
417 3358 606 3437 invenietur,
631 3357 687 3443 qui
711 3381 779 3422 eam
803 3363 903 3438 tenet,
929 3357 967 3424 de
993 3357 1107 3424 abbate
1130 3365 1248 3439 teneat,
1264 3367 1297 3426 ct

295 3476 507 3556 recognoscat.
554 3469 649 3534 Quod
674 3468 701 3533 si
723 3468 870 3547 nolucrit,
885 3491 953 3533 eam
978 3468 1075 3534 abbas
1098 3469 1132 3534 in
1157 3471 1297 3537 dominio

296 3583 421 3659 habeat,
436 3587 469 3645 et
488 3579 559 3645 vide
583 3602 622 3644 ne
646 3579 763 3644 clamor
780 3578 854 3644 iude
877 3578 1015 3664 amplius
1040 3579 1080 3643 ad
1105 3601 1155 3645 me
1178 3580 1296 3646 redcat.

297 3692 389 3758 'Peste
403 3690 577 3756 Willielmo
591 3689 735 3774 episcopo
750 3688 969 3755 Dunelmensi.

341 3879 422 3956 Rex,
437 3875 610 3940 Willielmo
626 3874 814 3954 vicecomiti,
831 3874 976 3941 salutem.
1022 3875 1143 3940 Mando
1165 3883 1198 3942 et
1219 3900 1296 3962 prae-

296 3990 378 4076 cipic
403 3988 464 4054 tibi
488 3994 526 4053 ut
551 3987 699 4052 abbatem
714 3985 799 4051 Ailsi
822 3984 917 4082 facias
941 3985 1056 4051 habere
1079 3987 1200 4067 Isham,
1215 3988 1299 4054 sicut

296 4102 363 4187 ipse
377 4098 585 4167 ditationavit
599 4122 667 4164 eam
683 4099 719 4162 iu
734 4099 910 4177 Hamtona,
926 4104 960 4163 et
979 4099 1063 4164 sicut
1082 4099 1299 4166 testimoniata

296 4219 330 4280 et
355 4214 464 4300 jurata
492 4211 556 4277 fuit
585 4210 625 4276 ad
654 4233 733 4296 opus
763 4209 873 4274 Sancti
903 4209 1076 4277 Benedicti.
1135 4212 1227 4279 'Peste
1258 4211 1297 4278 R.

297 4325 409 4410 Bigot.

317 4475 324 4508 ¹
345 4473 455 4538 Brady’s
464 4473 532 4522 Hist.
545 4469 672 4535 Englaud,
685 4469 807 4528 Pref.49;
824 4469 981 4534 2Palgmve,
990 4470 1216 4533 Commonwculth,
1227 4470 1283 4522 179.
