3286 5150
347 648 411 712 204
596 667 729 712 smnus
751 667 1099 713 succo-uocusuums.

347 824 380 884 ct
394 841 496 884 comes
512 818 715 903 Audegaviae‚
732 807 864 885 Ricaido
879 820 917 884 de
933 819 1059 899 Luccio,
1074 826 1107 884 ct
1127 797 1298 885 fomstariis
1312 820 1350 886 dc

348 930 573 1009 Windresores,
603 930 746 995 salutem.
807 930 955 1015 Praecipio
985 931 1068 1016 quod
1097 930 1164 996 sinc
1200 930 1350 996 dilatione

346 1039 470 1104 faciatis
492 1041 681 1124 recognosci,
703 1065 758 1127 per
786 1047 978 1112 sacramenta
1006 1040 1156 1127 legalium
1186 1041 1350 1106 hominum

348 1151 386 1214 de
408 1150 580 1231 hundredo,
602 1159 680 1238 quot
700 1175 808 1237 porcos
823 1152 944 1238 quietos
965 1153 1004 1216 de
1025 1152 1179 1237 pasuagio
1194 1151 1290 1217 abbas
1312 1152 1350 1218 de

347 1259 556 1326 Abbendonia
570 1263 690 1330 solebat
715 1263 827 1330 habere
851 1263 884 1329 in
899 1261 1016 1328 foicsta
1030 1285 1110 1343 meu,
1125 1286 1194 1349 quae
1210 1263 1349 1350 Kiugcs·

341 1372 410 1438 frid
431 1379 569 1454 vocatur,
591 1380 730 1460 tempore
752 1375 836 1461 regis
859 1375 1000 1456 Heurici,
1015 1374 1067 1439 cvi
1089 1375 1161 1441 mei.
1205 1376 1250 1441 Et
1268 1375 1351 1440 sicut

346 1484 543 1568 recognitum
558 1485 661 1562 fuerit,
674 1485 721 1551 its
732 1486 939 1551 chlchcliuo
954 1485 1062 1551 abbati
1076 1487 1115 1551 de
1130 1484 1349 1566 Abbendonis,

346 1601 379 1660 ct
394 1595 554 1662 monachis
563 1595 679 1662 ibidem
688 1598 756 1663 Deo
768 1596 985 1676 servientibus,
996 1597 1082 1682 juste
1092 1595 1204 1662 habere
1215 1595 1349 1661 faciatis.

346 1705 437 1774 'fests
454 1706 602 1772 Mansero
618 1707 717 1788 Biset,
727 1709 887 1794 dapifero3
911 1709 994 1792 apud
1009 1708 1257 1793 Rothomcgum.

391 1819 568 1883 Secundum
583 1819 690 1904 itaque
704 1827 892 1905 praeceptum
908 1819 1000 1906 regis,
1011 1842 1066 1905 per
1079 1819 1196 1902 legales
1208 1817 1348 1884 homines

345 1927 383 1994 dc
395 1927 566 2009 hundoedo,
581 1937 774 1996 sacramento
789 1930 986 2016 recognitum
1001 1937 1049 1996 est
1062 1929 1209 1994 abbatem
1219 1929 1348 1994 Abbcn-

346 2038 446 2103 donin
472 2039 508 2104 in
535 2040 651 2106 foresta
677 2041 862 2127 Kingcstrid
888 2042 982 2108 000.
1008 2065 1116 2126 porcos
1139 2041 1252 2106 habere
1281 2041 1348 2105 siue

345 2149 496 2234 pasnagio
526 2151 701 2238 antiquitus
730 2151 837 2233 solere,
866 2158 899 2216 et
927 2151 1012 2236 regis
1042 2151 1174 2217 Heurici
1208 2157 1348 2237 tempore

344 2259 500 2326 habuisse.
543 2263 637 2328 Quod
652 2263 745 2328 etita
759 2262 938 2328 Walkelino
953 2263 1061 2328 abbati
1076 2270 1108 2328 et
1122 2262 1347 2328 successoribus

345 2371 408 2436 suis
423 2395 461 2436 ex
476 2373 559 2458 regis
569 2374 661 2458 jussu
675 2397 855 2441 concessum
870 2381 902 2440 et
916 2374 1135 2440 confirmatum
1150 2379 1208 2440 est.

540 2922 678 3007 [Munus
700 2942 739 2987 os
762 2924 950 2989 Ausones.
998 2925 1081 2987 1158
1093 2923 1138 3006 ?]¹

345 3080 413 3147 [Thc
423 3081 510 3145 king’s
521 3083 581 3132 vrit
591 3083 742 3146 exempting
753 3084 797 3132 the
808 3083 900 3132 monks
919 3083 950 3226 οἱ
957 3083 1096 3147 Abingdcn
1114 3084 1145 3133 os
1157 3083 1213 3144 toll,
1225 3097 1343 3146 passage,

744 3161 795 3210 and
807 3165 931 3210 customs.

345 3299 527 3378 Huuulcus,
541 3320 596 3362 rcx
610 3297 746 3382 Anglioe,
762 3305 795 3363 ct
809 3298 875 3364 dux
890 3298 1095 3363 Normanniae
1106 3305 1139 3365 et
1154 3297 1343 3384 Aquitaniae,

343 3415 375 3475 et
389 3431 492 3474 comes
507 3409 712 3494 Andegaviae,
729 3409 876 3495 justiciis,
892 3409 1137 3489 vicecomitibus,
1151 3414 1184 3474 ct
1198 3409 1344 3474 omuibus

342 3519 495 3586 ministris
510 3520 574 3586 suis
589 3521 725 3606 Angliae,
740 3523 882 3587 salutem.
929 3521 1076 3606 Praecipio
1087 3522 1169 3607 quod
1178 3542 1285 3585 omncs
1297 3545 1345 3584 res

343 3633 566 3698 monachorum
587 3631 625 3698 de
650 3632 868 3712 Abbendonia,
893 3655 970 3716 quas
1000 3632 1141 3698 homines
1164 3631 1213 3695 sui
1234 3631 1342 3696 affida-

343 3744 447 3810 verint
468 3767 538 3809 suas
560 3767 625 3808 csse
647 3743 796 3829 proprias,
811 3743 851 3809 sd
866 3743 985 3807 victum
1007 3749 1040 3808 st
1059 3742 1209 3808 vestitum
1225 3765 1343 3820 eorum,

342 3855 407 3920 sint
415 3855 528 3940 quictae
539 3855 577 3920 de
588 3854 742 3934 theloneo,
752 3861 784 3920 et
794 3853 948 3939 passagio,
959 3860 991 3919 et
1005 3854 1092 3919 omui
1103 3852 1342 3931 consuetudinc3

342 3973 375 4032 ct
403 3966 509 4030 nullus
531 3989 583 4031 eos
612 3965 728 4049 injuste
757 3964 830 4030 indc
860 3963 1026 4044 disturbet,
1056 3988 1149 4050 super
1175 3964 1217 4029 X.
1248 3963 1343 4026 libras

341 4076 555 4143 forisfacturas.
592 4077 683 4140 Teste
700 4075 858 4140 Willclmo
873 4074 937 4140 filio
953 4075 1109 4140 Johcnnis
1117 4102 1127 4156 ς
1150 4075 1233 4158 apud
1245 4073 1342 4138 wde-

341 4191 470 4252 stccum.

556 4379 565 4410 ¹
583 4383 598 4428 2
611 4381 680 4429 Hist.
692 4382 762 4430 Mon.
773 4381 886 4446 Abingd.
899 4383 948 4430 224
961 4379 1030 4444 (Rco.
1045 4379 1136 4442 Gom).
