3280 5132
338 603 379 664 32
582 618 714 692 mucmn
737 616 1086 662 nuum-nonnnumcn.

421 769 488 836 [Thu
498 770 631 832 following
641 771 701 820 writ
711 784 822 834 uppem
832 770 1009 833 immediately
1020 771 1090 818 atter
1100 769 1146 819 thu
1157 767 1262 834 ubuum]

381 896 572 978 Willclmus,
582 919 636 962 rex
645 896 838 981 Anglorum‚
847 896 1085 962 vicecomitibus
1096 895 1172 975 suis,
1186 896 1341 962 ministris

337 1008 437 1074 totius
462 1006 599 1092 Angues,
616 1007 762 1072 sulutem.
809 1006 924 1071 Sciatis
947 1007 1029 1092 quod
1051 1007 1123 1071 volo
1145 1013 1179 1072 et
1193 1007 1340 1092 pnaecipio

340 1127 378 1184 nt
392 1118 498 1183 omnia
520 1139 589 1202 quae
605 1117 744 1182 ministri
761 1118 984 1182 monachorum
1002 1116 1219 1182 Abbendoniae
1234 1124 1341 1183 emcnt

338 1231 379 1295 ad
404 1229 525 1294 victum
562 1228 789 1294 monachorum
818 1227 853 1292 in
887 1227 1071 1293 civitatibus
1101 1233 1134 1292 et
1160 1227 1282 1311 burgis,
1307 1234 1341 1292 et

338 1339 484 1405 omnibus
507 1338 663 1416 mereatis,
678 1338 808 1403 omnino
830 1337 896 1402 sint
910 1337 1018 1423 quieta
1038 1337 1078 1401 ab
1093 1339 1180 1402 omni
1195 1337 1341 1403 theloneo

340 1459 373 1518 ct
396 1449 641 1528 consuctudine;
670 1454 703 1514 et
728 1449 877 1532 prohibco
903 1448 1002 1527 vobis,
1021 1448 1104 1512 sicut
1121 1471 1172 1512 mc
1195 1447 1342 1532 diligitis,

339 1585 379 1627 nc
408 1561 521 1646 aliquis
546 1566 688 1625 vestrum
717 1559 829 1624 amodo
859 1559 924 1623 illis
953 1559 1026 1624 iudc
1056 1559 1206 1645 injurium
1235 1559 1340 1625 faciat.

339 1675 431 1738 Teste
446 1670 578 1736 Eudone
592 1670 742 1756 dapiferc‚
756 1671 842 1756 apud
857 1670 1051 1736 Burhcllnm.

338 2211 464 2293 [Annon
485 2231 524 2275 on
549 2211 602 2276 Sn.
618 2211 764 2274 Ennunn
788 2231 816 2274 v.
839 2212 953 2275 Annon
975 2230 1014 2274 on
1038 2209 1341 2290 Pnnnnnoncuun.]¹

341 2369 409 2436 [The
431 2372 516 2435 king's
537 2372 597 2422 wnit
618 2372 801 2434 commanding
823 2371 868 2420 thu
890 2372 970 2421 abbct
992 2371 1023 2421 οἳ
1036 2371 1231 2434 Pcturborongh
1249 2375 1296 2420 not
1316 2374 1344 2419 to

405 2451 497 2499 molent
509 2449 554 2592 {he
564 2451 645 2500 ubbot
655 2450 685 2499 ot*
695 2451 734 2499 St.
747 2449 868 2498 nummu
878 2451 906 2498 in
916 2449 1040 2513 carrying
1050 2463 1126 2512 uwuy
1143 2453 1232 2499 ntonen
1243 2447 1284 2498 for
1303 2449 1344 2496 hin

405 2528 510 2577 chumb.

342 2656 559 2719 Winmnuuus
589 2677 643 2720 rex
678 2654 803 2738 Angliae
837 2652 946 2718 abbati
976 2653 1015 2717 dc
1046 2654 1169 2736 Burgo,
1197 2653 1343 2718 sulutem.

342 2752 548 2829 Mando'tibi
573 2771 607 2829 ct
629 2764 786 2850 praccipio,
801 2770 838 2828 ut
863 2764 1031 2848 permittas
1058 2763 1207 2828 abbatem
1233 2765 1345 2828 Sancti

342 2873 503 2940 Edmundi
532 2875 721 2938 sufficienter
750 2874 889 2959 accipere
919 2874 957 2938 de
987 2880 1077 2959 petra
1106 2874 1147 2938 ud
1183 2874 1344 2940 ecclesiam

342 3004 431 3046 suam
459 2982 542 3047 sicut
566 2983 719 3046 hactenus
742 2982 865 3062 habuit,
891 2988 924 3048 ct
950 3005 1014 3047 non
1038 2983 1174 3067 amplius
1200 2982 1261 3046 sibi
1287 2981 1346 3045 im-

342 3092 561 3178 pedimentum
577 3091 672 3156 facias
688 3091 721 3156 in
737 3091 927 3158 adducendis
942 3093 1040 3178 petris
1055 3093 1096 3158 ad
1109 3115 1235 3180 aquam,
1250 3115 1345 3179 quam

343 3209 436 3268 antea
451 3203 564 3269 fecisti.
611 3203 703 3268 Teste
718 3203 863 3290 episcopo
880 3203 1100 3270 Dunelmcnsi.

401 3747 528 3830 [Annon
550 3766 589 3812 on
613 3748 664 3811 Su.
681 3744 904 3811 Auuusmnn’s
928 3746 1037 3810 Cnmu
1058 3765 1098 3811 no
1120 3768 1142 3810 n
1166 3747 1289 3829 San'

346 3919 414 3985 [The
425 3920 505 3969 ubbot
516 3920 546 3968 of
561 3920 600 3968 st.
611 3918 759 3982 Augustino
770 3919 861 3968 cluimu
871 3922 899 3967 to
910 3917 976 3968 huvc
987 3919 1052 3969 been
1069 3919 1194 3969 disseised
1210 3919 1241 3968 of
1253 3933 1270 3967 u
1280 3920 1346 3982 ship,

409 3997 461 4046 und
484 3996 529 4046 the
550 3995 636 4060 hines
658 4011 706 4046 uon
730 3995 788 4060 (thu
803 3996 868 4060 king
879 3995 958 4061 bcing
974 3997 1002 4045 in
1021 3995 1182 4060 Normundy)
1200 3996 1297 4046 dimota
1312 4011 1347 4046 un

575 4264 583 4295 ¹
602 4263 731 4327 Buttely’n
742 4263 832 4325 Antiq.
845 4263 884 4311 st.
897 4261 1024 4322 Edmund,
1037 4261 1077 4311 50.

574 4345 584 4374 ²
602 4342 669 4391 Hiut.
682 4343 750 4391 Mon.
764 4342 803 4390 St.
815 4343 881 4404 Aug.
893 4341 941 4390 353
955 4337 1126 4404 (beccum).
