3280 5132
364 619 407 682 44
622 635 756 680 rnscrrs
777 633 1127 681 snum-uonururrcs.

363 813 501 895 [Srsrus
523 832 563 877 or
585 831 721 876 suumn
744 813 912 878 annnnu.
959 814 1068 878 Psoor
1098 817 1212 879 “onus
1236 815 1364 898 nscn.'’]

407 949 447 1014 In
475 949 584 1014 eadem
612 949 724 1032 [terra]
750 949 864 1014 XVII.
880 949 971 1014 liberi
996 949 1140 1015 homines
1165 968 1242 1015 sunt
1265 951 1366 1017 additi

362 1060 435 1125 huic
451 1059 591 1125 manerio
603 1060 765 1142 [Stsham]
779 1065 919 1143 tempore
934 1059 1018 1145 regis
1028 1060 1194 1142 Willelmi,
1204 1061 1365 1148 dequibus

362 1171 460 1236 nichil
481 1169 595 1235 habuit
616 1176 794 1235 antecessor
823 1169 944 1255 Rogeri
980 1170 1091 1256 Bigot.
1136 1173 1222 1238 Istos
1251 1174 1365 1238 liberos

361 1280 504 1345 homines
526 1279 758 1365 calumpniatur
784 1279 930 1365 Rogerus
953 1281 994 1346 de
1019 1282 1129 1346 Remis
1157 1283 1296 1348 tenuisse
1325 1282 1364 1348 sd

361 1413 455 1456 suum
470 1390 599 1454 feudum
614 1398 784 1474 antequam
801 1391 945 1476 cherus
958 1387 1058 1476 Bigot
1069 1398 1185 1457 terrum
1199 1394 1365 1479 recepisset

360 1502 395 1565 in
411 1499 550 1580 Sudfolc,
567 1500 620 1565 sed
636 1500 773 1565 hundret
783 1507 922 1566 testatur
937 1501 1020 1586 quod
1034 1503 1179 1586 Rogerus
1196 1503 1296 1588 Bigot
1311 1525 1364 1569 eos

360 1615 527 1699 recepisset
555 1614 643 1699 prius
672 1615 712 1679 ad
741 1638 834 1680 suum
864 1616 1004 1695 seudum,
1025 1623 1058 1680 et
1083 1617 1142 1680 hoc
1174 1617 1364 1682 contradicit

362 1727 506 1811 Rogerus
521 1725 559 1790 de
575 1725 686 1790 Remis
701 1727 787 1790 omni
803 1725 893 1807 lege.¹

363 2254 476 2335 [urso
496 2274 534 2320 nr
551 2255 805 2320 Hsnrusssrou.
852 2256 1152 2320 Pn00r“ouu1nus
1179 2257 1362 2340 nnersus”]

402 2415 517 2480 Totam
536 2419 653 2479 terrum
668 2415 795 2480 Wicolfi
812 2415 869 2497 [V.
885 2437 963 2480 acrae
979 2414 1012 2480 in
1030 2415 1316 2500 Hamingestuns],
1331 2423 1364 2481 et

360 2527 417 2592 hos
441 2549 550 2592 omnes
579 2527 693 2592 liberos
719 2527 862 2594 homines
885 2527 971 2612 quod
996 2533 1085 2592 tenet
1112 2527 1295 2611 Wsrengus
1325 2528 1364 2593 de

360 2639 484 2722 Rogero
500 2637 610 2723 Bigot,
618 2637 859 2723 calumpniatur
875 2640 1021 2722 Rogerus
1035 2637 1074 2702 de
1090 2638 1225 2718 Reimis,
1239 2645 1272 2703 et
1286 2639 1364 2703 dicit

359 2749 442 2836 quod
465 2748 526 2814 sibi
549 2749 718 2814 liberatum
745 2749 808 2813 fuit
833 2750 1017 2834 priusquam
1045 2749 1170 2833 chero
1194 2749 1304 2834 Bigot,
1331 2755 1364 2814 et

359 2860 497 2924 hundret
512 2860 612 2924 nescit
626 2883 664 2925 ex
679 2861 737 2925 hoc
755 2883 866 2926 verum
880 2860 992 2941 dicere,
1003 2860 1078 2946 quia
1093 2861 1145 2926 ille
1162 2862 1363 2945 Gsrengerus

359 2969 399 3035 de
421 2977 555 3055 utroque
578 2971 716 3049 tenebat,
732 2970 785 3034 sed
811 2977 920 3035 tamen
942 2971 995 3036 ille
1013 2973 1223 3057 Warengerus
1238 2978 1364 3038 revocet

360 3080 552 3147 adiendum
578 3080 699 3167 cheri
731 3081 839 3167 Bigot,
868 3089 901 3148 et
926 3085 1071 3169 Rogerus
1095 3085 1134 3150 de
1168 3085 1278 3149 Remis
1305 3085 1363 3149 hoc

359 3193 548 3260 contradicit
561 3192 708 3258 omnibus
722 3193 868 3277 legibus.²

678 3681 878 3765 [Fonrnrrnn
907 3679 1045 3763 Linus]

402 3847 452 3910 Ex
485 3845 543 3910 hoc
574 3845 758 3930 presbytero
786 3841 950 3925 [Suarino]
974 3846 1042 3906 erat
1064 3839 1190 3904 saisitus
1214 3835 1362 3902 Galterus

359 3955 461 4020 Dedol
484 3955 609 4042 quando
634 3953 785 4020 forisfecit
808 3976 898 4018 snam
923 3959 1049 4029 terram,
1068 3959 1101 4016 et
1129 3973 1232 4015 cernes
1263 3949 1362 4030 Hugo

358 4071 466 4150 postea
494 4066 576 4130 sicut
603 4065 740 4130 hundret
769 4070 914 4129 testetur.
960 4065 1004 4128 Et
1040 4064 1246 4127 Normannus
1282 4057 1362 4123 dicit

358 4175 442 4261 quod
458 4197 514 4240 rex
528 4175 616 4240 misit
630 4174 657 4239 ei
675 4198 773 4240 unum
789 4175 915 4240 brevem
931 4181 970 4238 ut
984 4174 1107 4238 saisiret
1123 4171 1296 4236 Redulfum
1324 4169 1363 4233 de

488 4373 497 4406 ¹
513 4373 695 4438 2Doomsdsy,
707 4371 756 4426 ³87
768 4375 792 4423 b.
1094 4371 1105 4405 ²
1124 4371 1159 4420 Ib.
1174 4371 1231 4420 338.
