3298 5162
715 656 886 700 sensnum.
1237 633 1298 696 :313

298 805 424 878 placitum
443 825 532 862 meum
552 811 699 862 remaneret
718 813 824 879 propter
842 807 920 862 breve
936 805 1146 860 adversariorum
1162 824 1299 868 meorum;

298 897 327 948 et
345 894 373 948 iu
391 893 443 949 isto
461 894 555 949 itinere
575 894 738 965 disperdidit
749 895 834 949 freter
852 912 927 948 meus
945 898 999 948 tres
1017 912 1117 948 merces
1134 891 1254 963 urgenti;
1273 895 1301 945 et

298 999 348 1051 ego
371 981 428 1051 ipse
451 980 558 1036 interim
582 981 620 1034 ivi
639 981 793 1036 cicestriam
814 981 886 1052 loqui
904 999 965 1036 cum
986 980 1108 1052 episcopo
1128 979 1250 1051 Hyleri0,
1270 983 1302 1033 ut

298 1068 453 1123 testificaret
476 1067 623 1123 divortium
648 1067 718 1140 quod
743 1068 848 1122 videret
872 1087 927 1122 esse
951 1066 1056 1122 fectum
1077 1072 1140 1122 ente
1163 1065 1301 1120 domiuum

300 1155 516 1210 wintoniensem
539 1155 568 1209 in
593 1155 695 1226 syuodo
719 1155 867 1210 Imndcniae
891 1155 968 1226 cujus
996 1154 1180 1210 testimonium
1207 1152 1301 1224 recepi,

299 1241 398 1297 scilicet
418 1242 507 1297 literas
530 1261 602 1307 sues,
623 1262 689 1313 quas
711 1243 786 1297 misit
809 1242 1009 1313 archiepiscopo,
1029 1241 1126 1314 quibus
1150 1239 1302 1296 testificavit

298 1327 461 1383 divortium:
486 1331 561 1386 etin
580 1329 627 1384 illo
650 1331 745 1386 itinere
765 1329 915 1401 dispendidi
936 1328 1134 1401 quatuordecim
1160 1327 1255 1382 solidos
1275 1331 1303 1382 et

299 1419 412 1488 quotuor
430 1416 558 1472 denarios.
596 1417 665 1473 Veni
684 1417 769 1489 igitur
786 1417 820 1472 ud
839 1417 909 1470 diem
927 1435 1017 1472 meum
1035 1415 1106 1488 apud
1125 1413 1302 1478 Lundouism,

299 1523 360 1559 cum
372 1504 471 1560 clericis
484 1511 511 1560 et
523 1506 636 1561 testibus
651 1512 679 1562 et
691 1507 783 1560 amicis
796 1509 823 1560 et
840 1504 948 1562 auxiliis
961 1503 1026 1559 meis
1037 1528 1044 1570 3
1064 1509 1092 1559 et
1105 1507 1223 1558 moratus
1242 1521 1302 1556 sum

300 1591 337 1646 ibi
349 1612 395 1663 per
407 1599 520 1662 quatuor
532 1593 594 1657 dies,
603 1593 727 1664 'quotidie
738 1592 868 1664 placitans
880 1614 887 1658 ;
906 1596 933 1647 et
945 1591 972 1646 iu
987 1592 1033 1647 illc
1046 1591 1141 1647 itinere
1153 1589 1302 1662 dispendidi

300 1685 405 1733 centum
419 1684 447 1733 et
459 1684 512 1734 tres
526 1678 632 1734 solidos.

336 1765 402 1820 lude
423 1767 512 1836 posuit
533 1766 599 1819 mihi
620 1765 690 1820 diem
710 1765 743 1820 sd
768 1765 937 1835 Rogationes.
975 1765 1012 1819 Et
1035 1783 1095 1819 cum
1120 1765 1251 1820 venissem
1269 1764 1303 1819 sd

299 1851 369 1906 diem
382 1871 469 1906 meum
483 1852 554 1922 apud
566 1852 747 1916 Centueriem,
760 1853 883 1906 dixerunt
895 1852 1039 1907 sdversmii
1053 1851 1112 1914 mei,
1126 1871 1153 1906 se
1167 1852 1235 1906 uelle
1247 1851 1302 1920 pls-

299 1938 380 1992 citars
392 1958 439 2008 pro
452 1939 660 1994 summonitione
673 1939 803 1994 exercitus
816 1939 886 2010 regis
899 1938 931 1993 de
944 1938 1043 2004 Tulus3
1062 1943 1090 1992 et
1103 1938 1130 1992 in
1145 1937 1193 1994 hoc
1206 1938 1301 1993 itinere

300 2025 448 2096 dispendidi
461 2031 519 2080 octo
531 2026 636 2090 solidos,
649 2031 677 2080 et
689 2026 751 2081 inde
764 2026 857 2080 recessi
870 2026 927 2080 siue
939 2025 989 2080 die.

337 2114 435 2184 [Many
450 2132 521 2168 more
539 2113 652 2184 lengthy
671 2113 724 2168 end
742 2113 879 2168 vexatione
897 2113 987 2184 delsys
1005 2112 1057 2168 and
1072 2112 1222 2184 jourueys,¹
1237 2111 1301 2167 with

301 2201 416 2272 changes
430 2200 461 2254 of
475 2219 568 2264 venue,
587 2200 640 2254 end
657 2200 762 2272 eppesle
777 2207 805 2254 to
825 2199 871 2254 the
892 2199 979 2270 pope‚²
999 2199 1097 2263 iollon,
1114 2199 1145 2253 of
1162 2198 1209 2252 the
1230 2217 1303 2252 seme

300 2287 418 2341 fruitless
430 2293 533 2350 nature,
546 2287 616 2341 until
632 2286 722 2358 firrslly
736 2287 782 2342 the
792 2287 912 2356 plaintiu'
920 2285 1050 2341 obteinsa
1060 2285 1122 2340 writ
1130 2285 1303 2356 summoning

301 2380 316 2404 ‘⁶
324 2374 485 2428 adversarios
509 2373 597 2430 suos”
622 2373 711 2429 beiore
731 2373 776 2428 the
796 2373 887 2445 king]
933 2373 971 2428 Et
988 2373 1111 2428 venimus
1129 2391 1216 2427 eorem
1241 2392 1303 2443 rege

300 2461 370 2532 spud
390 2460 575 2524 Wudestoche,
596 2461 643 2516 ubi
662 2480 710 2532 per
728 2465 787 2516 octo
807 2460 862 2514 dies
883 2461 978 2515 moreti
1000 2479 1107 2525 sumus3
1134 2465 1161 2514 et
1186 2459 1302 2524 tandem,

300 2548 387 2619 gratie
404 2547 506 2602 demini
531 2548 609 2619 regis,
630 2553 656 2603 et
682 2547 876 2618 perjudicium
901 2547 980 2602 curire
1008 2566 1071 2612 suae,
1092 2546 1242 2618 adjudicata
1262 2551 1303 2602 eet

301 2635 368 2689 milri
390 2641 459 2690 term
484 2635 610 2690 avunculi
640 2635 701 2691 mei.
739 2635 777 2690 Et
807 2633 844 2689 ibi
866 2634 1019 2706 disperdidi
1043 2639 1147 2705 septem
1169 2633 1250 2689 libres
1275 2639 1303 2688 et

300 2724 389 2777 decem
402 2722 508 2778 solidos.

336 2809 402 2864 Haec
415 2813 478 2864 sunt
490 2809 559 2864 dous
570 2828 629 2880 quse
642 2808 701 2866 dedi
714 2809 742 2866 in
756 2809 830 2865 curie
841 2808 1028 2880 archiepiscopi
1042 2807 1263 2880 placitatoribus³
1276 2817 1303 2863 et

300 2895 399 2952 clericis
413 2895 480 2950 mihi
492 2895 692 2960 auxiliantibus,
706 2895 804 2952 scilicet
821 2896 943 2951 undecim
956 2915 1056 2951 merces
1069 2895 1183 2964 argenti.
1219 2895 1256 2950 Et
1274 2895 1302 2950 iu

301 2984 376 3039 curia
384 2985 485 3038 domini
495 2984 695 3049 Wintoniensis,
702 2982 899 3055 quatuordecim
910 3003 1009 3039 rnurcss
1019 2983 1165 3054 argenti,et
1174 2983 1304 3054 magistro

302 3070 383 3125 Petro
407 3071 439 3126 de
464 3071 563 3126 Melide
587 3072 677 3126 decem
702 3091 810 3136 memes,
836 3077 960 3126 etuuuru
985 3071 1115 3128 annulum
1139 3090 1250 3126 aureum
1272 3071 1304 3126 de

301 3159 413 3215 dimidia
434 3179 521 3214 murce
540 3161 654 3232 urgenti.
690 3161 727 3215 Et
747 3159 877 3232 magistro
897 3159 1014 3215 Rubertu
1038 3159 1070 3214 de
1092 3160 1198 3215 Chimei
1223 3179 1304 3214 unam

339 3407 346 3437 ¹
362 3403 505 3472 Resrrlting
519 3403 543 3456 in
558 3403 593 3456 ell
606 3404 633 3456 in
648 3403 693 3457 the
706 3403 758 3457 loss
771 3403 802 3458 os
810 3404 850 3458 six
862 3404 961 3458 horses.

336 3491 347 3522 ²
359 3490 415 3543 The
427 3489 550 3560 plaintiff,
563 3488 630 3542 tired
642 3489 673 3543 of
681 3489 805 3560 repeated
817 3490 1013 3554 coutinusuces,
1027 3496 1055 3545 at
1067 3510 1116 3546 one
1129 3497 1205 3563 stege
1218 3493 1248 3548 us
1256 3494 1303 3549 the

300 3596 358 3632 csse
370 3575 475 3630 obtaius
488 3575 533 3629 the
555 3574 643 3644 king's
663 3574 818 3646 permission
837 3581 865 3630 to
883 3577 977 3648 sppeul
995 3582 1024 3632 tc
1042 3577 1088 3633 the
1106 3597 1179 3648 pope,
1199 3580 1303 3652 though

296 3663 442 3734 judgment
455 3661 505 3715 had
520 3665 567 3716 not
579 3663 644 3717 been
657 3663 735 3732 given
750 3663 856 3734 against
869 3663 933 3717 him.
971 3664 1026 3718 l‘lre
1044 3683 1110 3735 pope
1129 3667 1242 3736 granted
1261 3668 1303 3721 his

302 3753 362 3806 writ
373 3749 487 3804 directed
500 3753 528 3804 to
541 3749 587 3803 the
599 3749 693 3820 bishop
711 3750 742 3804 of
757 3751 913 3804 chichester
931 3751 984 3806 und
1002 3751 1048 3806 the
1067 3751 1147 3807 ubbot
1165 3752 1195 3808 of
1213 3754 1302 3810 West-

302 3837 422 3899 minster,
435 3835 570 3906 requiring
582 3836 655 3890 them
670 3842 697 3890 to
710 3839 753 3906 try
766 3837 812 3891 the
825 3855 911 3906 cause,
923 3838 975 3892 end
994 3857 1010 3892 e
1029 3838 1081 3908 day
1094 3838 1117 3892 is
1135 3843 1176 3894 set
1185 3839 1229 3894 ior
1241 3841 1303 3895 triel

301 3931 330 3978 nt
346 3922 549 3987 Westmirrster;
569 3922 618 3977 but
632 3922 696 3976 nith
711 3943 745 3977 no
758 3923 844 3978 better
861 3923 952 3978 result.
990 3925 1025 3980 ln
1045 3926 1091 3980 the
1103 3944 1194 3982 course
1212 3928 1244 3982 oi
1257 3929 1304 3984 the

301 4011 471 4083 proceedings
488 4010 570 4072 there,
593 4011 639 4064 the
661 4010 804 4065 defendunt
825 4011 901 4066 tulres
926 4031 959 4066 su
985 4011 1077 4083 eppesl
1102 4017 1131 4067 to
1154 4013 1201 4069 the
1228 4033 1303 4087 pope,

303 4100 388 4153 where
401 4098 447 4152 the
460 4097 579 4167 plcincitl‘
589 4117 641 4152 was
654 4097 809 4164 successful,
829 4105 844 4127 “
849 4098 979 4170 judicium
990 4099 1022 4153 de
1035 4097 1165 4155 adulterio
1174 4100 1188 4121 ”
1202 4101 1304 4175 haring

301 4187 365 4242 been
380 4185 514 4240 rendered.
551 4185 608 4238 The
620 4203 678 4239 case
690 4185 755 4239 then
769 4204 855 4239 comcs
868 4185 933 4240 beck
946 4191 974 4240 to
986 4186 1119 4257 Englend.

337 4273 416 4329 '²Ouc
438 4273 469 4328 os
484 4273 529 4328 the
549 4271 688 4342 plaintiff's
712 4271 817 4328 counsel
839 4292 893 4326 was
912 4273 958 4328 the
977 4273 1124 4330 celebrated
1143 4275 1247 4331 Reuull
1271 4279 1304 4333 de

303 4360 429 4426 Glunvill,
443 4365 471 4414 ut
484 4360 543 4415 that
556 4360 621 4414 time
634 4358 767 4414 cherillus
777 4360 929 4415 Yerlsslrire.
