3298 5162
341 593 403 654 296
750 611 921 656 neronom.

606 762 750 830 [Ecurria.
770 762 912 816 Bnornaa
932 778 969 816 or
987 761 1071 833 Ona]

374 855 483 911 AEldred
503 857 584 911 frater
605 857 662 911 Ode
681 857 880 929 calumpniatur
898 877 978 912 unam
999 859 1132 930 virgatam
1151 863 1227 914 terrae
1246 859 1279 913 de
1296 859 1346 914 hoo

340 944 458 998 manerio
472 944 631 1013 [Cuntune],
644 949 671 998 et
683 945 748 999 dicit
760 964 787 1000 se
800 965 856 1000 eam
870 945 987 1000 tenuisse
1005 945 1047 999 die
1066 965 1117 1018 qua
1135 965 1180 1000 rex
1200 947 1346 1000 Edwardus

340 1030 393 1085 suit
413 1031 490 1084 vivus
510 1035 537 1085 et
554 1035 684 1096 mortuus,
704 1037 731 1086 et
752 1031 888 1086 disaisitue
909 1033 962 1087 suit
980 1037 1118 1104 postquam
1139 1053 1182 1088 rex
1196 1034 1345 1088 Willelmus

340 1139 412 1173 mare
432 1120 547 1182 transiit,
567 1125 594 1174 et
614 1120 670 1191 ipse
689 1121 862 1176 dirationavit
882 1140 968 1176 corum
989 1123 1090 1192 regina.
1128 1123 1194 1177 Inde
1213 1127 1254 1177 est
1267 1124 1345 1177 tantis

341 1208 398 1278 ejus
412 1207 496 1278 Hugo
508 1208 540 1262 de
553 1207 618 1262 Purt
631 1214 657 1262 et
670 1209 790 1262 homines
802 1209 834 1263 de
848 1215 904 1264 tolo
917 1209 1045 1264 hundred.
1083 1209 1123 1265 Ib.
1136 1213 1171 1264 48
1184 1210 1209 1265 b.

688 1489 846 1557 [Wruuuu
866 1507 902 1544 oe
921 1490 996 1559 Ona]

376 1593 454 1648 Hunc
479 1593 569 1648 hidam
595 1595 636 1663 [in
663 1595 786 1668 Ferlege]
817 1595 1013 1666 calumpniatur
1037 1596 1204 1652 Willielmus
1229 1597 1261 1651 de
1287 1599 1343 1659 Ow,

340 1682 430 1735 dicens
443 1701 501 1735 cam
515 1683 646 1752 pertinere
658 1683 690 1738 ad
704 1703 782 1738 suum
796 1685 953 1738 manerium.
982 1683 1033 1738 Sed
1046 1685 1166 1739 homines
1178 1683 1211 1739 de
1224 1684 1344 1739 hundred

340 1788 395 1823 nou
416 1773 551 1824 testantur
570 1770 639 1841 quod
662 1771 758 1827 habere
778 1771 880 1834 debeat,
901 1772 946 1826 sed
964 1775 1173 1842 praeoccupatam
1192 1791 1248 1826 esse
1267 1791 1345 1842 super

341 1875 440 1928 regem.
479 1856 519 1912 lb.

678 2054 753 2122 [Ono
774 2074 796 2107 u.
816 2055 1001 2123 decernor]

376 2162 457 2216 Hauc
470 2161 559 2216 hidam
574 2162 615 2231 [in
629 2163 816 2232 Basingestoc]
830 2162 1026 2232 calumpniatur
1038 2161 1095 2217 Odo
1107 2161 1140 2216 de
1152 2161 1247 2226 Winc.‚
1257 2162 1345 2216 dicens

345 2268 373 2303 ae
386 2249 460 2303 illam
474 2249 597 2304 habuisse
609 2251 637 2303 in
651 2250 803 2304 vadimonio
811 2269 858 2321 pro
866 2251 897 2304 X.
909 2250 983 2304 libris
992 2249 1024 2304 de
1034 2249 1091 2303 Alai
1102 2251 1267 2322 concessione
1275 2250 1346 2320 regis

342 2336 515 2399 Willelmi,et
528 2337 585 2391 ideo
598 2337 697 2408 injuste
709 2357 766 2392 eam
781 2338 876 2408 perdit.
904 2337 1056 2392 Goiehidus
1069 2356 1131 2392 vcro
1144 2343 1218 2393 tenet
1230 2337 1262 2392 de
1274 2356 1346 2409 rege,

340 2441 387 2495 pro
401 2424 508 2478 servitio
522 2425 590 2496 quod
605 2424 667 2479 fecit
681 2425 808 2479 Muthildi
822 2425 879 2496 ejus
893 2425 961 2481 lilim.
1000 2424 1040 2480 Ib.
1054 2427 1098 2480 49.

656 2691 735 2758 [Tua
755 2689 862 2746 Kruo's
881 2689 1036 2760 Oeneum]

380 2800 420 2854 De
450 2801 499 2855 hoc
529 2801 646 2855 manerio
678 2802 826 2871 [Acengre]
858 2803 1056 2873 calumpniatur
1086 2803 1246 2874 prepositus
1277 2803 1347 2872 regie

342 2887 481 2941 dimidium
501 2887 592 2942 hidam
615 2888 647 2942 nd
671 2895 809 2958 pasturam
831 2889 911 2944 boum
937 2889 1015 2960 regie.
1053 2890 1127 2944 scira
1151 2908 1213 2944 vero
1231 2895 1347 2944 testatur

344 2973 413 3044 quod
434 2994 486 3027 nou
508 2979 595 3045 polest
617 2974 713 3029 hahere
735 2981 871 3046 pasturam
894 2995 941 3030 uec
963 2977 1118 3048 pasnagium
1141 2976 1173 3032 de
1191 2976 1259 3032 silva
1276 2977 1346 3048 regis

343 3061 413 3114 sicut
424 3061 629 3131 calumpniatur,
643 3061 694 3115 nisi
707 3080 753 3131 per
766 3062 955 3118 vicecomitem.
993 3065 1036 3119 Ib.
1050 3067 1085 3120 49
1098 3063 1123 3119 b.

458 3363 556 3433 [Lanu
575 3381 611 3418 or
630 3365 737 3419 Anvrn.
774 3365 849 3418 Sam.
867 3381 905 3420 on
924 3365 1040 3419 Lrvaar
1059 3382 1095 3420 or
1114 3366 1240 3436 Serum]

382 3472 484 3527 Dicunt
503 3473 622 3527 homines
643 3473 675 3527 de
693 3472 825 3535 hundred,
843 3471 914 3543 quo'd
934 3491 1072 3545 nunquam
1089 3474 1215 3529 viderunt
1227 3474 1347 3546 sigillum

346 3559 388 3613 vel
410 3559 530 3632 legatum
550 3562 621 3631 regis
640 3561 687 3632 qui
705 3559 837 3614 saiseiaset
855 3560 1005 3614 Aluuinum
1024 3567 1216 3616 antecessorem
1229 3561 1346 3634 ejusqui

345 3647 423 3701 rnodo
435 3652 507 3702 tenet
519 3648 551 3702 de
563 3647 616 3702 leto
629 3647 745 3702 manerio
759 3646 954 3716 [Tede1·lec]‚et
966 3647 1018 3702 nisi
1032 3665 1077 3702 rex
1091 3649 1255 3714 testificetur,
1265 3649 1347 3704 nichil

346 3730 427 3790 habet
440 3735 485 3791 ibi.
523 3735 620 3790 1b.50.

603 3956 681 4024 [Tne
702 3955 785 4010 Kruo
804 3973 827 4010 v.
848 3955 957 4008 Suwm.
995 3955 1092 4024 Scan]

383 4065 461 4119 Hanc
482 4064 621 4119 dimidiam
642 4063 734 4118 hidam
754 4063 796 4132 [in
821 4063 1004 4133 Rooheborne]
1029 4063 1122 4118 dicunt
1146 4061 1264 4118 ministri
1282 4065 1349 4119 vicc-

345 4152 452 4207 rcmitia
472 4152 604 4223 pertinere
622 4152 656 4205 ad
678 4151 782 4205 firmam
803 4151 882 4222 regis.
920 4151 971 4205 Sed
991 4151 1111 4205 hundred
1132 4158 1160 4207 et
1178 4153 1245 4207 scira
1257 4152 1350 4206 dicunt

346 4239 416 4310 quod
438 4257 484 4292 rex
505 4238 653 4292 Edwardus
674 4237 749 4292 dedit
768 4237 830 4292 huic
850 4237 991 4308 [Saevino]
1010 4243 1037 4293 et
1057 4238 1118 4294 inde
1138 4238 1218 4294 habet
1230 4239 1349 4310 sigillum

345 4328 411 4398 ejus.
449 4325 490 4380 Ib.
