3280 5132
320 657 360 718 92
563 674 698 720 auom
719 674 1065 722 asam-sommas.

322 853 460 940 [Mosxs
482 873 522 918 oa
544 858 722 919 Aamsnos
744 877 771 919 v.
795 855 955 920 Ossicsas
977 873 1017 918 os
1040 854 1142 934 Uss0,
1166 854 1317 919 Samia.

749 965 885 1050 1106?]¹

317 1125 384 1191 [Tha
401 1125 486 1190 king's
500 1127 559 1176 writ
574 1127 703 1190 direoting
719 1127 778 1176 that
794 1127 840 1177 the
857 1129 950 1178 monks
965 1127 996 1178 os
1009 1127 1148 1192 Abingdon
1164 1129 1197 1177 bo
1214 1131 1319 1191 exempt

661 1205 727 1254 from
738 1205 806 1270 duty
817 1220 851 1254 on
863 1204 939 1270 salt]

317 1357 501 1434 Hammona,
524 1379 578 1421 rex
613 1356 753 1440 Angliae,
786 1356 905 1421 Ursoni
933 1357 973 1422 de
1002 1354 1195 1422 Wireaestra
1234 1357 1317 1422 viae-

316 1467 435 1546 eomiti,
458 1467 603 1533 salutem.
648 1467 799 1552 Praecipio
821 1467 882 1532 tibi
907 1475 946 1538 ut
971 1467 1067 1532 salem
1093 1469 1318 1533 monachorum

316 1579 354 1644 de
369 1579 578 1643 Abbendonia
593 1580 760 1664 permittas
776 1601 841 1646 esse
856 1579 896 1642 ab
911 1578 999 1644 omni
1014 1580 1159 1644 theloneo
1185 1585 1219 1645 et
1244 1602 1318 1644 oon-

316 1688 535 1753 suetudinibus
550 1691 693 1775 quietum
704 1716 714 1768 3
737 1697 771 1754 et
784 1690 864 1755 bene
888 1690 1050 1775 praecipias
1077 1690 1141 1754 tuis
1164 1689 1318 1755 ministris

315 1800 354 1865 de
370 1801 460 1866 Wiee
475 1823 515 1866 ne
530 1801 782 1885 supradictorum
798 1801 1023 1867 monachorum
1034 1801 1126 1865 rebus
1135 1801 1317 1880 forisfaciat,

316 1917 349 1976 et
364 1910 412 1975 ita
426 1935 465 1976 ne
480 1911 616 1994 amplius
631 1911 798 1976 clamorem
808 1911 882 1976 inda
893 1911 1029 1977 audiam.
1074 1909 1167 1976 Teste
1178 1911 1318 1996 Hugone

315 2020 354 2084 de
369 2021 587 2099 Boohelanda3
611 2021 696 2106 apud
713 2021 897 2086 Suttunam.

376 2683 380 2688 '
410 2670 582 2755 [Famnts
604 2695 632 2739 v.
653 2673 818 2739 (sossius
840 2695 882 2740 ns
905 2675 1056 2740 Rmma
1103 2671 1231 2756 1106.]⁹

319 2854 387 2921 [The
406 2857 491 2922 kingts
503 2859 563 2908 writ
580 2859 703 2923 ordering
720 2859 764 2909 tha
781 2858 922 2909 defendant
933 2863 963 2910 to
977 2859 1091 2922 perform
1106 2859 1152 2908 the
1169 2860 1319 2920 oustomaty

479 2935 540 2983 land
551 2936 650 2986 servios
660 2939 689 2985 to
700 2937 744 2985 the
754 2937 875 2999 plaintifi‘,
883 2953 917 2986 on
927 2937 1036 3001 penalty
1046 2936 1076 2986 oi
1083 2934 1165 3001 lovy.]

319 3088 503 3166 Hasmous,
532 3111 587 3154 rex
610 3088 749 3173 Angliae,
766 3089 930 3155 Gotselino
947 3090 987 3156 ds
1009 3089 1149 3175 Riparia,
1174 3089 1319 3154 salutem.

317 3197 468 3282 Praecipio
483 3204 521 3262 ut
536 3197 660 3264 faciatis
689 3198 808 3263 Faritio
834 3199 942 3265 abbati
968 3201 1007 3266 de
1032 3200 1230 3266 Abbendona
1256 3197 1320 3263 tale

316 3309 482 3375 servitium
497 3310 537 3375 de
558 3308 663 3388 feudo,
678 3310 762 3395 quod
776 3309 814 3375 de
829 3332 865 3375 eo
880 3317 913 3376 et
928 3312 966 3376 de
992 3311 1121 3376 abbatia
1144 3334 1200 3376 sua
1219 3316 1318 3386 tenes,

317 3420 410 3507 quale
424 3419 537 3486 fratres
552 3420 602 3485 tui
616 3421 757 3486 feoemnt
779 3422 966 3487 antecessori
989 3445 1045 3488 suo
1059 3423 1101 3489 A.
1147 3421 1241 3487 Quod
1256 3418 1318 3484 nisi

316 3531 462 3612 feceritis
491 3531 558 3616 ipse
586 3530 683 3596 abbas
711 3531 786 3596 inda
816 3537 848 3596 te
877 3532 1077 3616 constringat
1104 3553 1160 3616 per
1188 3530 1318 3596 feudum

317 3649 420 3708 tuum.
464 3642 558 3707 'Peste
584 3641 723 3707 Roberto
752 3639 818 3706 filio
847 3641 1012 3710 Hamonis.
1067 3642 1127 3706 Per
1145 3641 1199 3706 W.
1224 3641 1263 3706 de
1288 3639 1319 3704 la

318 3752 478 3833 Rachella,
493 3751 576 3839 apud
591 3751 801 3818 Lundoniam.

383 3926 391 3960 ¹
407 3929 424 3976 2
436 3926 506 3976 Hist.
517 3927 587 3976 Mon.
599 3925 711 3990 Abingd.
722 3927 755 3976 88
767 3925 837 3990 (Rea
849 3925 941 3987 Gom).
1132 3925 1143 3956 ¹
1160 3925 1199 3974 Ib.
1211 3925 1251 3974 92.
