3286 5142
348 595 410 660 186
595 613 727 657 amorra
750 613 1097 659 anem-nonmusios.

347 765 470 850 Nigelli
488 764 643 849 Elyensis‚
657 771 690 831 et
715 765 863 831 Nicholai
884 765 1101 830 Landavensis
1125 763 1349 850 episcoporum,

347 877 528 962 predictam
545 876 707 942 ecclesiam
730 877 823 942 Beati
845 876 981 942 Gundlei
1005 875 1113 941 abbati
1135 883 1168 941 et
1189 873 1350 940 monachis

348 986 549 1053 Gloucsstrie
563 988 822 1072 adjudicavimus.
867 988 990 1054 Deinde
1012 989 1152 1074 inspecta
1166 993 1254 1052 carta
1272 1007 1350 1070 pre-

347 1099 407 1164 lati
418 1099 553 1181 comitis,
567 1100 712 1165 advocati
727 1100 824 1184 hujus
847 1100 991 1179 ecclesia,
1007 1123 1071 1184 qua
1085 1099 1174 1164 illam
1189 1097 1350 1164 ecclesiam

346 1232 418 1276 eum
430 1210 575 1274 omnibus
585 1210 785 1295 pertinentiis
793 1210 858 1276 suis
867 1211 1014 1295 praedicto
1023 1209 1211 1276 monasterio
1221 1208 1350 1273 liberam

347 1325 380 1386 et
391 1321 532 1406 quietam
547 1322 581 1385 in
596 1327 784 1406 perpetuum
798 1323 961 1402 concessit,
976 1326 1010 1386 et
1023 1321 1120 1401 dedit,
1136 1327 1169 1387 et
1183 1320 1349 1386 confirma·

347 1432 413 1510 vit3
437 1431 592 1517 relapsu
612 1437 802 1518 temporum,
817 1433 901 1518 quod
922 1433 1062 1498 velante
1076 1454 1133 1498 nos
1152 1431 1204 1499 vel
1224 1454 1280 1516 per
1293 1453 1351 1496 nos

347 1565 440 1628 super
450 1542 558 1609 eadem
567 1543 695 1610 ecclesia
705 1544 825 1609 lactum
837 1549 896 1623 est,
907 1543 1079 1609 inirritum
1087 1548 1192 1629 posset
1201 1541 1349 1622 revocari,

348 1654 535 1721 auctoritate
548 1677 613 1742 qua
626 1654 793 1741 firngimur
807 1655 1006 1741 sepedictam
1014 1655 1176 1722 ecclesiam
1190 1676 1264 1719 eum
1283 1677 1350 1720 om·

348 1766 442 1831 nibus
468 1767 508 1832 ad
532 1789 602 1832 eam
625 1767 856 1852 pertinentibus
879 1767 1068 1832 monasterio
1092 1765 1294 1832 Glaucestriae
1315 1764 1351 1829 in

348 1877 547 1944 elemosinam
569 1883 751 1964 perpetuam
774 1877 991 1960 concessimus,
1013 1885 1046 1945 et
1059 1877 1220 1964 praesentis
1241 1875 1351 1961 scripti

349 1987 527 2054 munimine
541 1988 784 2068 confirmamus3
807 1994 840 2055 et
855 2011 924 2054 eam
939 1989 986 2054 ita
1000 1989 1219 2072 confirmatam
1234 1988 1269 2052 in
1281 2009 1351 2071 per·

347 2105 478 2184 pctuum
493 2121 558 2164 esse
572 2099 782 2165 concedimus.
829 2099 909 2164 Hac
928 2104 1037 2165 autem
1058 2099 1255 2166 confirmatio
1266 2099 1351 2164 lacta

349 2215 398 2275 est
416 2209 451 2274 in
466 2231 550 2274 anno
564 2209 731 2274 millesimo
747 2210 917 2276 centesimo
933 2211 1195 2297 quinquagesimo
1209 2215 1298 2276 sexto
1312 2210 1352 2275 ab

349 2321 571 2387 Incamatione
586 2321 727 2401 Domini,
742 2328 776 2387 et
789 2322 909 2388 decimo
924 2323 1059 2407 septimo
1074 2322 1225 2389 kalendas
1249 2323 1271 2387 J
1273 2322 1352 2388 unii.

348 2431 472 2497 Valete.

351 2592 551 2660 [Confirmation
580 2592 617 2657 by
645 2592 779 2653 Nicholas,
807 2593 901 2656 bisbop
929 2595 960 2644 of
985 2593 1110 2654 Llandud',
1141 2591 1279 2656 reeording
1306 2590 1354 2641 the

768 2671 930 2737 judgmsnt.]

394 2789 560 2855 Universis
577 2788 702 2854 Sancte
717 2791 833 2856 Matris
844 2789 989 2855 Ecclesiae
1000 2790 1082 2870 filiis,
1094 2789 1280 2869 Nicbolaus,
1292 2787 1354 2852 Dei

351 2901 457 2985 gratia
467 2899 682 2964 Laudavensis
693 2901 867 2984 episcopus,
882 2902 1018 2966 salutem
1040 2908 1074 2967 et
1092 2899 1352 2966 benedictionem.

350 3010 486 3076 Noverit
497 3009 610 3074 caritas
620 3016 734 3089 vestra,
745 3011 828 3095 quod
844 3012 1053 3087 concedimus,
1062 3017 1096 3078 et
1106 3010 1252 3096 prasenti
1267 3014 1354 3074 carta

349 3121 581 3198 confirmamus,
596 3120 730 3185 ecclesia
751 3122 861 3187 Sancti
877 3123 964 3188 Petri
980 3123 1181 3189 Gloucestriae
1195 3120 1353 3188 ecclesiam

353 3232 465 3300 Sancti
494 3229 630 3297 Gundlei
650 3229 689 3296 de
712 3231 804 3298 Novo
830 3234 940 3317 Burgo
961 3257 1035 3300 cum
1058 3234 1205 3300 omnibus
1227 3233 1266 3297 ad
1285 3253 1354 3297 eam

349 3343 590 3432 pertinentibus.
636 3342 801 3409 Celebrate
819 3367 954 3430 namque
973 3347 1093 3432 synodo
1113 3345 1197 3429 apud
1218 3342 1356 3428 Kayrdif

352 3457 451 3522 totius
486 3454 571 3535 cleri,
605 3455 817 3519 recordatione
844 3456 1051 3539 cognovimns
1080 3455 1212 3520 eandem
1237 3455 1276 3518 ad
1302 3455 1356 3538 jus

352 3566 576 3633 monachorum
593 3565 795 3631 Gloucestriae
809 3567 976 3650 pertinere,
985 3570 1018 3631 et
1033 3565 1225 3650 precedente
1234 3563 1356 3629 domini

351 3676 586 3746 cantuariensis
595 3677 754 3754 mandato,
765 3682 798 3741 et
809 3677 892 3761 regis
906 3677 1036 3742 Henriei
1045 3676 1181 3761 junioris
1194 3687 1355 3763 praecepto,

353 3790 559 3857 Hamelinum
572 3787 717 3853 abbatem
727 3787 970 3854 Gloueestriaes
985 3788 1153 3853 monachos
1168 3809 1239 3852 suos
1258 3792 1355 3852 retro·

350 3903 429 3968 actis
450 3923 519 3967 eam
539 3899 734 3984 temporibus
749 3899 918 3982 possedisse
938 3898 1091 3982 legitimis
1113 3899 1248 3964 testibus
1271 3921 1356 3964 com·

350 4011 507 4099 probavit,
523 4015 555 4074 et
575 4010 738 4094 probatam
754 4010 978 4094 possessionem
992 4009 1093 4075 totius
1113 4010 1225 4094 synodi
1239 4008 1357 4094 judicic

351 4121 557 4206 recuperavit.
603 4119 759 4183 Volumus
779 4118 880 4203 igitur
895 4124 927 4183 et
942 4119 1139 4204 precipimus
1153 4127 1191 4184 ut
1209 4119 1357 4184 monachi

352 4229 553 4298 Gloucestriae
577 4229 684 4314 quiete
706 4229 885 4314 possideant
908 4229 1150 4314 inperpetuum
1174 4230 1356 4315 predictam

351 4343 512 4409 ecclesiam
528 4363 598 4404 cum
615 4341 761 4405 omnibus
775 4339 815 4404 ad
830 4363 899 4405 earn
915 4341 1154 4426 pertinentibus.
1198 4343 1244 4406 Et
1258 4364 1297 4405 ne
1316 4341 1356 4405 ab
