3280 5132
359 632 400 692 26
605 649 740 694 ensem
763 647 1112 696 suono-rosnsnrucs.

357 807 389 864 et
420 798 592 865 Ricardum
625 801 726 866 filiurn
760 802 884 866 comitis
917 803 1098 882 Gisleherti,
1120 809 1154 868 et
1188 805 1361 888 Hugonem

358 909 397 974 de
420 911 621 993 Montefcrti,
637 918 670 977 et
694 911 874 978 Goffridum
897 912 935 978 de
956 913 1166 995 Mannavilla,
1181 921 1214 979 et
1241 916 1360 981 Radul·

356 1021 426 1086 fum
452 1022 491 1087 de
516 1021 619 1103 Belfo,
646 1029 679 1088 ct
715 1024 877 1088 Herveum
906 1024 1148 1104 Bituricensem,
1170 1031 1204 1090 et
1236 1027 1360 1092 Harde-

358 1131 478 1197 winum
510 1133 550 1198 de
581 1134 734 1213 Escalers,
756 1140 790 1199 et
820 1133 897 1200 alios
920 1158 998 1221 quos
1021 1135 1118 1200 abbas
1140 1136 1231 1201 vobis
1257 1138 1360 1202 nomi·

356 1243 456 1310 nabit.

357 1453 489 1520 [Another
504 1453 564 1504 writ
582 1453 610 1503 oi
626 1453 672 1504 tha
688 1453 754 1519 king
768 1454 926 1596 copoernipg
944 1455 1020 1505 lands
1038 1455 1148 1506 claimed
1164 1455 1201 1520 by
1217 1455 1263 1506 the
1280 1457 1360 1507 abbot

788 1547 804 1580 o
834 1533 892 1596 Ery,
917 1535 924 1566 ¹

398 1682 579 1749 Willelmus
609 1707 664 1749 rex
686 1684 878 1768 Anglornm,
909 1685 1088 1751 Lanfranco
1117 1685 1359 1772 archiepiscopo,

355 1802 388 1860 et
421 1794 569 1860 Gosfrido
601 1795 839 1860 constantiensi
873 1795 1028 1881 episcopo,
1059 1796 1206 1863 salutem.
1251 1799 1359 1864 Facite

355 1904 503 1971 abbatem
518 1904 557 1970 de
581 1905 658 1969 Heli
680 1905 814 1970 resaisiri
830 1904 868 1970 de
883 1905 955 1970 istis
969 1907 1061 1971 terris
1076 1930 1155 1992 quas
1168 1908 1222 1972 isti
1236 1915 1357 1974 tenent.

357 2016 456 2101 Hngo
478 2017 517 2081 de
539 2015 740 2095 Monteforti,
763 2037 863 2080 unum
885 2015 1062 2081 manerium
1082 2017 1210 2084 nominc
1225 2019 1358 2084 Berche-

354 2105 448 2206 nas,
483 2127 636 2192 sicardus
662 2125 747 2190 finus
769 2125 895 2191 comnis
918 2126 1099 2207 cneban,
1124 2129 1358 2208 erasmae

354 2238 482 2304 Picotus
494 2237 665 2302 vicecomes
680 2233 896 2322 Epintonam;
931 2236 1032 2322 Hugo
1048 2238 1087 2303 de
1110 2239 1263 2304 Bernervi
1288 2240 1357 2306 ΙΙΙ.

353 2349 443 2414 hidas
454 2377 464 2428 3
492 2348 659 2434 Remigius
682 2348 844 2433 episcopus
866 2349 897 2414 Ι.
918 2348 1048 2427 hidam;
1075 2349 1240 2434 episcopus
1263 2351 1357 2415 Baio-

352 2461 454 2528 censis
466 2463 514 2526 II.
527 2461 637 2540 hidas,
654 2461 756 2526 Frodo
768 2460 864 2524 frater
877 2459 1001 2525 abbatis
1018 2461 1047 2527 Ι.
1064 2461 1250 2527 manerium.
1283 2463 1357 2526 Duo

353 2572 540 2658 carpentarii
556 2574 585 2637 1.
601 2571 720 2652 hidam,
730 2578 764 2637 et
775 2571 841 2636 III.
853 2571 1005 2656 virgatas,
1016 2571 1118 2656 siipse
1129 2570 1226 2636 abbas
1240 2573 1358 2656 poterit

353 2683 516 2749 ostendere
538 2682 737 2766 supradictas
759 2687 858 2746 terras
880 2704 946 2746 esse
968 2680 1007 2746 de
1027 2680 1167 2746 dominio
1182 2704 1244 2746 suae
1261 2682 1357 2747 eccle-

353 2793 417 2873 siae,
439 2799 473 2858 et
494 2793 521 2856 si
542 2792 716 2877 supradicti
750 2791 893 2857 homines
925 2813 988 2856 non
1018 2791 1160 2876 poterint
1193 2793 1357 2858 ostendere

353 2911 392 2970 ut
421 2927 472 2970 eas
502 2911 602 2969 terras
625 2903 809 2968 habuissent
831 2903 869 2967 de
891 2903 973 2968 dono
996 2925 1075 2968 meo.
1122 2903 1228 2968 Facite
1259 2904 1356 2969 etiam

352 3022 391 3082 ut
405 3017 501 3081 abbas
523 3016 692 3102 pradictus
714 3015 830 3080 habeat
857 3037 961 3079 sacam
993 3037 1084 3079 suam
1117 3021 1150 3079 et
1184 3038 1301 3097 socam,
1323 3024 1356 3082 et

352 3128 428 3192 alias
451 3126 694 3192 consuetudines
728 3126 810 3190 sicut
841 3129 1018 3190 antecessor
1051 3125 1119 3210 ejus
1150 3127 1273 3207 habuit,
1304 3127 1356 3194 dic

351 3260 415 3325 qua
429 3260 484 3303 rex
499 3237 674 3302 Edwardus
689 3237 751 3301 fuit
767 3237 859 3302 vivus
874 3241 907 3301 et
922 3241 1075 3301 mortuus.

353 3481 422 3547 [The
438 3482 524 3546 kings
534 3480 596 3530 writ
612 3479 769 3542 concerning
779 3477 923 3618 privileges]
933 3477 967 3584 pf
981 3477 1032 3541 Ely
1042 3491 1103 3526 orer
1113 3475 1214 3526 certain
1224 3473 1355 3524 hundreds

759 3554 788 3605 oi
800 3554 906 3604 Suffolk.

393 3723 574 3789 Willelmus
604 3743 660 3786 rex
685 3717 877 3803 Anglorum,
904 3716 1083 3782 Lanfranco
1113 3717 1354 3801 archiepiscopo,

351 3836 509 3903 Goisfrido
532 3830 794 3899 Constantinensi
819 3830 973 3914 episcopo,
997 3834 1030 3894 ct
1053 3829 1213 3894 Radberto
1244 3827 1353 3892 comiti

351 3949 390 4013 de
399 3945 586 4024 Moritonio,
599 3945 745 4008 salutem.
772 3941 878 4006 Facite
891 3941 1071 4004 Simeonem
1083 3938 1229 4004 abbatem
1241 3937 1353 4002 habere

349 4079 454 4124 socam
476 4063 509 4120 et
532 4078 635 4120 sacam
667 4077 757 4119 suam
788 4060 883 4138 prout
914 4075 990 4116 suus
1023 4056 1199 4115 antecessor
1228 4046 1353 4127 habuit,

348 4177 489 4252 tempore
511 4165 597 4248 regis
619 4162 767 4229 Edwardi
791 4163 938 4228 videlicet
968 4160 1007 4226 de
1040 4160 1179 4244 quinque
1211 4158 1353 4225 hundrez

381 4367 390 4402 ¹
410 4368 488 4416 mser
501 4365 622 4424 suenus,
634 4361 684 4414 ιιι
695 4363 775 4426 (mg.
789 4361 871 4412 cuns.
885 4359 965 4423 soe).
1179 4360 1190 4393 ¹
1209 4361 1249 4410 ιι.
1261 4361 1318 4410 ass.
