3280 5132
348 655 389 716 58
593 674 729 717 eriasus
751 673 1103 719 ssanononnsnuws.

347 831 465 890 terram
500 825 611 890 Aschil
647 849 742 912 quam
772 826 868 890 habet
897 827 1059 913 episcopus
1098 823 1278 890 Baiocensis
1315 822 1347 886 in

350 937 556 1021 Ulingeham,
581 938 655 1022 quia
670 939 754 1002 sicut
780 944 918 1003 testatur
941 945 1028 1003 totus
1052 939 1233 1013 comitatus,
1259 939 1349 999 ante·

352 1071 454 1112 oessor
469 1049 690 1134 archiepiscopi
703 1050 816 1114 habuit
827 1073 929 1114 sacam
946 1058 979 1115 et
994 1073 1098 1114 socam
1115 1071 1206 1134 super
1220 1047 1351 1111 eandem

351 1165 479 1238 terram,
508 1167 541 1224 et
567 1160 709 1225 homines
739 1161 875 1244 episcopi
914 1161 1030 1244 injuste
1067 1161 1214 1225 auferunt
1249 1157 1350 1222 eidem

347 1270 577 1355 archiepiscopo
592 1271 723 1336 eandem
738 1293 854 1336 socam.

548 1575 674 1658 [Lanos
697 1595 736 1638 or
757 1578 970 1638 Anonarsuor
988 1573 1150 1656 Taunus]

397 1711 548 1795 Tempore
562 1711 645 1795 regis
661 1711 808 1775 Edwardi
824 1712 886 1774 fuit
901 1711 1027 1774 saisitus
1044 1710 1161 1774 Almaer
1175 1713 1351 1772 antecessor

352 1821 575 1906 archicpiscopi
584 1823 710 1886 Thomas
722 1822 760 1886 dc
769 1845 838 1886 soca
851 1823 891 1886 X.
904 1821 1089 1885 bovatarum
1100 1820 1134 1882 in
1147 1819 1350 1900 Ulingeharn.

355 1931 431 1994 Haec
447 1937 531 1995 terra
546 1931 607 1996 fuit
623 1932 717 2011 Code,
734 1938 767 1996 et
782 1933 874 1996 modo
890 1939 938 1996 est
954 1931 1091 2016 Rap'neri
1108 1931 1146 1994 de
1158 1929 1299 2006 Brimou,
1316 1933 1350 1991 et

351 2065 407 2127 pro
425 2042 493 2106 III.
509 2041 599 2106 libris
621 2043 681 2106 fuit
704 2043 875 2121 invadiata,
895 2049 1035 2126 tempore
1053 2042 1138 2124 regis
1158 2040 1305 2105 Edwardi
1320 2047 1353 2104 et

354 2151 445 2216 modo
461 2153 620 2217 affirmant
633 2153 775 2217 homines
793 2154 832 2217 de
849 2153 989 2236 treding,
1005 2153 1087 2237 quod
1103 2151 1353 2235 archiepiscopus

346 2263 420 2347 jure
447 2263 538 2328 debet
562 2265 676 2329 habere
702 2265 781 2328 hanc
801 2286 915 2343 socam,
939 2285 1100 2348 quousque
1125 2260 1154 2326 ei
1181 2261 1354 2326 reddantur

351 2375 417 2440 ΙΙΙ.
436 2375 515 2440 libri.

411 2636 571 2719 [ItoarsurJ
594 2657 657 2700 rua
679 2637 872 2716 D1srnnsnn,
895 2661 924 2702 o.
948 2637 1095 2698 Grnnnnr
1117 2655 1158 2697 nn
1178 2633 1299 2716 Genu]

396 2773 445 2836 Dc
461 2772 508 2836 ΙΙ.
525 2774 678 2836 carucatis
694 2779 785 2837 terrae
805 2795 884 2858 quas
906 2771 1102 2856 calumpniat
1119 2769 1275 2834 Robcrtus
1290 2768 1353 2832 dis-

352 2889 499 2968 pensator
524 2906 616 2966 super
643 2884 858 2947 Gislebertum
888 2884 926 2946 de
957 2883 1045 2945 Gant
1076 2881 1108 2944 in
1140 2880 1270 2944 Screnbi
1300 2902 1355 2962 per

353 2993 479 3074 Wiglac
511 3001 736 3057 antecessorem
767 3016 870 3072 suum,
898 2994 976 3058 dicit
999 2999 1161 3077 wapentac
1193 3015 1255 3056 uon
1282 3014 1353 3055 eum

352 3102 497 3166 habuisse
507 3103 569 3166 nisi
579 3104 802 3180 Icarucatam,
814 3112 846 3168 et
858 3127 928 3168 soca
939 3104 977 3168 de
989 3105 1058 3188 ipsa
1067 3110 1135 3167 erat
1144 3103 1177 3166 in
1189 3102 1351 3166 Bardcnai.

353 3211 480 3294 Wiglao
507 3217 612 3276 autem
638 3213 788 3278 forisfecit
815 3237 885 3278 eam
915 3222 1031 3279 terram
1055 3219 1164 3278 contra
1189 3213 1354 3277 dominum

353 3345 447 3386 suum
465 3321 678 3388 Gislebertum
694 3332 727 3388 et
745 3326 813 3390 ideo
839 3325 994 3390 Robcrtus
1017 3325 1062 3389 nil
1086 3324 1182 3388 habet
1197 3325 1240 3388 ibi
1264 3324 1352 3388 tosti·

354 3433 459 3497 monio
476 3433 612 3517 trediug.

528 3821 774 3886 CLAMORES
800 3823 851 3886 IN
877 3824 1192 3890 NORTREDING.

588 3983 661 4066 [Ivo
685 3984 840 4047 Tarunors
864 4007 890 4048 o.
915 3986 987 4049 Tun
1013 3987 1129 4071 Kisa]

398 4114 440 4178 In
466 4115 636 4198 Limberge
658 4118 775 4181 clamat
798 4121 855 4182 Ivo
872 4120 1032 4184 Tallcbosc
1058 4145 1151 4206 super
1166 4145 1273 4205 regern
1290 4120 1353 4183 VI.

354 4223 485 4288 bovatas
514 4233 605 4290 terre.
654 4229 773 4292 Dicunt
798 4231 940 4295 homines
970 4234 1141 4298 comitatus
1172 4233 1256 4317 quod
1288 4233 1353 4316 ipse

355 4335 448 4399 debet
464 4336 576 4401 habore
591 4343 719 4418 terram,
736 4347 767 4402 ct
783 4363 836 4404 rex
852 4364 967 4407 socam.
