<?xml version="1.0" encoding="UTF-8"?>
<!DOCTYPE html PUBLIC "-//W3C//DTD XHTML 1.0 Transitional//EN"
    "http://www.w3.org/TR/xhtml1/DTD/xhtml1-transitional.dtd">
<html xmlns="http://www.w3.org/1999/xhtml" xml:lang="en" lang="en">
 <head>
  <title>
</title>
<meta http-equiv="Content-Type" content="text/html;charset=utf-8" />
  <meta name='ocr-system' content='tesseract 3.04.00' />
  <meta name='ocr-capabilities' content='ocr_page ocr_carea ocr_par ocr_line ocrx_word'/>
</head>
<body>
  <div class='ocr_page' id='page_1' title='image "./placitaanglonor01bigegoog_0091.png"; bbox 0 0 3280 5132; ppageno 0'>
   <div class='ocr_carea' id='block_1_1' title="bbox 367 655 1119 720">
    <p class='ocr_par' dir='ltr' id='par_1_1' title="bbox 367 655 1119 720">
     <span class='ocr_line' id='line_1_1' title="bbox 367 655 1119 720; baseline 0.007 -7"><span class='ocrx_word' id='word_1_1' title='bbox 367 655 407 714; x_wconf 79' lang='lat'><strong>22</strong></span> <span class='ocrx_word' id='word_1_2' title='bbox 613 673 746 717; x_wconf 77' lang='lat' dir='ltr'><strong>rnrcrrn</strong></span> <span class='ocrx_word' id='word_1_3' title='bbox 769 671 1119 720; x_wconf 76' lang='lat' dir='ltr'><strong>sueno-nonusnurcn.</strong></span> 
     </span>
    </p>
   </div>
   <div class='ocr_carea' id='block_1_2' title="bbox 660 823 1071 892">
    <p class='ocr_par' dir='ltr' id='par_1_2' title="bbox 660 823 1071 892">
     <span class='ocr_line' id='line_1_2' title="bbox 660 823 1071 892; baseline 0.005 -18"><span class='ocrx_word' id='word_1_4' title='bbox 660 823 789 888; x_wconf 83' lang='lat' dir='ltr'><strong>[Another</strong></span> <span class='ocrx_word' id='word_1_5' title='bbox 800 826 851 875; x_wconf 84' lang='lat' dir='ltr'><strong>like</strong></span> <span class='ocrx_word' id='word_1_6' title='bbox 862 827 921 876; x_wconf 82' lang='lat' dir='ltr'><strong>writ</strong></span> <span class='ocrx_word' id='word_1_7' title='bbox 931 826 967 890; x_wconf 84' lang='lat' dir='ltr'><strong>by</strong></span> <span class='ocrx_word' id='word_1_8' title='bbox 978 825 1071 892; x_wconf 84' lang='lat' dir='ltr'><strong>Odo.]¹</strong></span> 
     </span>
    </p>
   </div>
   <div class='ocr_carea' id='block_1_3' title="bbox 366 937 1370 2470">
    <p class='ocr_par' dir='ltr' id='par_1_3' title="bbox 366 937 1370 2470">
     <span class='ocr_line' id='line_1_3' title="bbox 411 937 1370 1024; baseline 0.005 -22"><span class='ocrx_word' id='word_1_9' title='bbox 411 938 482 1002; x_wconf 96' lang='lat' dir='ltr'><strong>0do</strong></span> <span class='ocrx_word' id='word_1_10' title='bbox 505 937 685 1004; x_wconf 89' lang='lat' dir='ltr'><strong>Baiocensis</strong></span> <span class='ocrx_word' id='word_1_11' title='bbox 706 939 871 1024; x_wconf 88' lang='lat' dir='ltr'><strong>episcopus</strong></span> <span class='ocrx_word' id='word_1_12' title='bbox 889 940 1037 1004; x_wconf 87' lang='lat' dir='ltr'><strong>Wlstano</strong></span> <span class='ocrx_word' id='word_1_13' title='bbox 1058 939 1212 1024; x_wconf 90' lang='lat' dir='ltr'><strong>episcopo,</strong></span> <span class='ocrx_word' id='word_1_14' title='bbox 1230 939 1314 1006; x_wconf 87' lang='lat' dir='ltr'><strong>Urso</strong></span> <span class='ocrx_word' id='word_1_15' title='bbox 1336 949 1370 1007; x_wconf 89' lang='lat' dir='ltr'><strong>et</strong></span> 
     </span>
     <span class='ocr_line' id='line_1_4' title="bbox 367 1048 1368 1131; baseline 0.005 -19"><span class='ocrx_word' id='word_1_16' title='bbox 367 1048 519 1113; x_wconf 86' lang='lat' dir='ltr'><strong>Durando</strong></span> <span class='ocrx_word' id='word_1_17' title='bbox 545 1054 578 1114; x_wconf 90' lang='lat' dir='ltr'><strong>et</strong></span> <span class='ocrx_word' id='word_1_18' title='bbox 600 1049 698 1131; x_wconf 76' lang='lat' dir='ltr'><strong>wal,</strong></span> <span class='ocrx_word' id='word_1_19' title='bbox 716 1050 953 1117; x_wconf 76' lang='lat' dir='ltr'><strong>vicecomitibus</strong></span> <span class='ocrx_word' id='word_1_20' title='bbox 975 1050 1014 1116; x_wconf 92' lang='lat' dir='ltr'><strong>de</strong></span> <span class='ocrx_word' id='word_1_21' title='bbox 1038 1051 1311 1116; x_wconf 86' lang='lat' dir='ltr'><strong>Wirecestreshire</strong></span> <span class='ocrx_word' id='word_1_22' title='bbox 1335 1059 1368 1117; x_wconf 91' lang='lat' dir='ltr'><strong>et</strong></span> 
     </span>
     <span class='ocr_line' id='line_1_5' title="bbox 368 1159 1367 1242; baseline 0.004 -18"><span class='ocrx_word' id='word_1_23' title='bbox 368 1159 634 1226; x_wconf 85' lang='lat' dir='ltr'><strong>Gloucestreshire</strong></span> <span class='ocrx_word' id='word_1_24' title='bbox 658 1167 691 1226; x_wconf 87' lang='lat' dir='ltr'><strong>et</strong></span> <span class='ocrx_word' id='word_1_25' title='bbox 713 1161 957 1242; x_wconf 86' lang='lat' dir='ltr'><strong>Warewicscire,</strong></span> <span class='ocrx_word' id='word_1_26' title='bbox 981 1167 1015 1227; x_wconf 89' lang='lat' dir='ltr'><strong>et</strong></span> <span class='ocrx_word' id='word_1_27' title='bbox 1044 1161 1191 1227; x_wconf 89' lang='lat' dir='ltr'><strong>omnibus</strong></span> <span class='ocrx_word' id='word_1_28' title='bbox 1221 1161 1367 1228; x_wconf 85' lang='lat' dir='ltr'><strong>fidelibus</strong></span> 
     </span>
     <span class='ocr_line' id='line_1_6' title="bbox 366 1271 1368 1357; baseline 0.003 -22"><span class='ocrx_word' id='word_1_29' title='bbox 366 1271 463 1355; x_wconf 81' lang='lat' dir='ltr'><strong>regis,</strong></span> <span class='ocrx_word' id='word_1_30' title='bbox 489 1271 619 1336; x_wconf 68' lang='lat' dir='ltr'><strong>francis</strong></span> <span class='ocrx_word' id='word_1_31' title='bbox 642 1277 675 1336; x_wconf 90' lang='lat' dir='ltr'><strong>et</strong></span> <span class='ocrx_word' id='word_1_32' title='bbox 698 1271 824 1355; x_wconf 84' lang='lat' dir='ltr'><strong>Anglis,</strong></span> <span class='ocrx_word' id='word_1_33' title='bbox 840 1271 985 1338; x_wconf 86' lang='lat' dir='ltr'><strong>salutem.</strong></span> <span class='ocrx_word' id='word_1_34' title='bbox 1032 1271 1148 1336; x_wconf 89' lang='lat' dir='ltr'><strong>Sciatis</strong></span> <span class='ocrx_word' id='word_1_35' title='bbox 1162 1294 1271 1338; x_wconf 85' lang='lat' dir='ltr'><strong>omnes</strong></span> <span class='ocrx_word' id='word_1_36' title='bbox 1286 1272 1368 1357; x_wconf 91' lang='lat' dir='ltr'><strong>quod</strong></span> 
     </span>
     <span class='ocr_line' id='line_1_7' title="bbox 366 1381 1369 1448; baseline 0.002 -2"><span class='ocrx_word' id='word_1_37' title='bbox 366 1381 514 1446; x_wconf 86' lang='lat' dir='ltr'><strong>dominus</strong></span> <span class='ocrx_word' id='word_1_38' title='bbox 526 1404 614 1446; x_wconf 87' lang='lat' dir='ltr'><strong>meus</strong></span> <span class='ocrx_word' id='word_1_39' title='bbox 625 1382 819 1448; x_wconf 82' lang='lat' dir='ltr'><strong>Willielmus</strong></span> <span class='ocrx_word' id='word_1_40' title='bbox 833 1405 888 1448; x_wconf 86' lang='lat' dir='ltr'><strong>rex</strong></span> <span class='ocrx_word' id='word_1_41' title='bbox 898 1382 1035 1448; x_wconf 81' lang='lat' dir='ltr'><strong>reddidit</strong></span> <span class='ocrx_word' id='word_1_42' title='bbox 1050 1384 1118 1448; x_wconf 90' lang='lat' dir='ltr'><strong>Deo</strong></span> <span class='ocrx_word' id='word_1_43' title='bbox 1133 1389 1166 1448; x_wconf 88' lang='lat' dir='ltr'><strong>et</strong></span> <span class='ocrx_word' id='word_1_44' title='bbox 1180 1382 1315 1448; x_wconf 75' lang='lat' dir='ltr'><strong>ecclesia</strong></span> <span class='ocrx_word' id='word_1_45' title='bbox 1329 1383 1369 1448; x_wconf 92' lang='lat' dir='ltr'><strong>de</strong></span> 
     </span>
     <span class='ocr_line' id='line_1_8' title="bbox 367 1493 1369 1579; baseline 0.002 -22"><span class='ocrx_word' id='word_1_46' title='bbox 367 1493 524 1558; x_wconf 86' lang='lat' dir='ltr'><strong>Evesham</strong></span> <span class='ocrx_word' id='word_1_47' title='bbox 541 1500 574 1558; x_wconf 88' lang='lat' dir='ltr'><strong>et</strong></span> <span class='ocrx_word' id='word_1_48' title='bbox 588 1493 731 1559; x_wconf 87' lang='lat' dir='ltr'><strong>Waltero</strong></span> <span class='ocrx_word' id='word_1_49' title='bbox 746 1493 853 1558; x_wconf 87' lang='lat' dir='ltr'><strong>abbati</strong></span> <span class='ocrx_word' id='word_1_50' title='bbox 867 1493 938 1558; x_wconf 86' lang='lat' dir='ltr'><strong>illas</strong></span> <span class='ocrx_word' id='word_1_51' title='bbox 953 1499 1054 1560; x_wconf 83' lang='lat' dir='ltr'><strong>terras</strong></span> <span class='ocrx_word' id='word_1_52' title='bbox 1078 1516 1155 1579; x_wconf 84' lang='lat' dir='ltr'><strong>quas</strong></span> <span class='ocrx_word' id='word_1_53' title='bbox 1181 1493 1247 1578; x_wconf 91' lang='lat' dir='ltr'><strong>ipse</strong></span> <span class='ocrx_word' id='word_1_54' title='bbox 1271 1493 1369 1560; x_wconf 84' lang='lat' dir='ltr'><strong>abbas</strong></span> 
     </span>
     <span class='ocr_line' id='line_1_9' title="bbox 367 1603 1369 1689; baseline -0.001 -20"><span class='ocrx_word' id='word_1_55' title='bbox 367 1604 573 1689; x_wconf 87' lang='lat' dir='ltr'><strong>explacitavit</strong></span> <span class='ocrx_word' id='word_1_56' title='bbox 586 1627 691 1669; x_wconf 85' lang='lat' dir='ltr'><strong>coram</strong></span> <span class='ocrx_word' id='word_1_57' title='bbox 706 1605 787 1668; x_wconf 84' lang='lat' dir='ltr'><strong>VII.</strong></span> <span class='ocrx_word' id='word_1_58' title='bbox 804 1603 919 1668; x_wconf 86' lang='lat' dir='ltr'><strong>schires</strong></span> <span class='ocrx_word' id='word_1_59' title='bbox 935 1604 975 1668; x_wconf 87' lang='lat' dir='ltr'><strong>ad</strong></span> <span class='ocrx_word' id='word_1_60' title='bbox 1001 1604 1235 1688; x_wconf 86' lang='lat' dir='ltr'><strong>Gildoneberga</strong></span> <span class='ocrx_word' id='word_1_61' title='bbox 1259 1610 1369 1669; x_wconf 89' lang='lat' dir='ltr'><strong>contra</strong></span> 
     </span>
     <span class='ocr_line' id='line_1_10' title="bbox 367 1713 1370 1799; baseline -0.001 -19"><span class='ocrx_word' id='word_1_62' title='bbox 367 1737 477 1780; x_wconf 90' lang='lat' dir='ltr'><strong>omnes</strong></span> <span class='ocrx_word' id='word_1_63' title='bbox 491 1715 608 1799; x_wconf 89' lang='lat' dir='ltr'><strong>injuste</strong></span> <span class='ocrx_word' id='word_1_64' title='bbox 623 1737 674 1780; x_wconf 84' lang='lat' dir='ltr'><strong>eas</strong></span> <span class='ocrx_word' id='word_1_65' title='bbox 689 1719 873 1799; x_wconf 73' lang='lat' dir='ltr'><strong>quarentes,</strong></span> <span class='ocrx_word' id='word_1_66' title='bbox 888 1714 946 1778; x_wconf 87' lang='lat' dir='ltr'><strong>hoo</strong></span> <span class='ocrx_word' id='word_1_67' title='bbox 961 1720 1020 1794; x_wconf 89' lang='lat' dir='ltr'><strong>est,</strong></span> <span class='ocrx_word' id='word_1_68' title='bbox 1037 1713 1172 1779; x_wconf 83' lang='lat' dir='ltr'><strong>Woston</strong></span> <span class='ocrx_word' id='word_1_69' title='bbox 1198 1720 1231 1780; x_wconf 89' lang='lat' dir='ltr'><strong>et</strong></span> <span class='ocrx_word' id='word_1_70' title='bbox 1255 1715 1370 1780; x_wconf 83' lang='lat' dir='ltr'><strong>Swella</strong></span> 
     </span>
     <span class='ocr_line' id='line_1_11' title="bbox 368 1823 1369 1910; baseline -0.001 -21"><span class='ocrx_word' id='word_1_71' title='bbox 368 1831 401 1889; x_wconf 87' lang='lat' dir='ltr'><strong>et</strong></span> <span class='ocrx_word' id='word_1_72' title='bbox 417 1824 647 1909; x_wconf 86' lang='lat' dir='ltr'><strong>Beningwrtha</strong></span> <span class='ocrx_word' id='word_1_73' title='bbox 661 1830 694 1890; x_wconf 91' lang='lat' dir='ltr'><strong>et</strong></span> <span class='ocrx_word' id='word_1_74' title='bbox 708 1823 872 1909; x_wconf 71' lang='lat' dir='ltr'><strong>Bivintom</strong></span> <span class='ocrx_word' id='word_1_75' title='bbox 889 1823 1140 1889; x_wconf 79' lang='lat' dir='ltr'><strong>withlakesford</strong></span> <span class='ocrx_word' id='word_1_76' title='bbox 1155 1831 1187 1890; x_wconf 91' lang='lat' dir='ltr'><strong>et</strong></span> <span class='ocrx_word' id='word_1_77' title='bbox 1211 1823 1369 1910; x_wconf 85' lang='lat' dir='ltr'><strong>Olebcrga</strong></span> 
     </span>
     <span class='ocr_line' id='line_1_12' title="bbox 367 1935 1368 2020; baseline -0.001 -18"><span class='ocrx_word' id='word_1_78' title='bbox 367 1943 401 2002; x_wconf 90' lang='lat' dir='ltr'><strong>et</strong></span> <span class='ocrx_word' id='word_1_79' title='bbox 439 1937 644 2001; x_wconf 81' lang='lat' dir='ltr'><strong>Kinewarton</strong></span> <span class='ocrx_word' id='word_1_80' title='bbox 681 1943 715 2002; x_wconf 90' lang='lat' dir='ltr'><strong>et</strong></span> <span class='ocrx_word' id='word_1_81' title='bbox 752 1935 1030 2000; x_wconf 83' lang='lat' dir='ltr'><strong>Hildeburewrtha</strong></span> <span class='ocrx_word' id='word_1_82' title='bbox 1066 1941 1100 2000; x_wconf 95' lang='lat' dir='ltr'><strong>et</strong></span> <span class='ocrx_word' id='word_1_83' title='bbox 1139 1935 1298 2020; x_wconf 74' lang='lat' dir='ltr'><strong>Ragohin,</strong></span> <span class='ocrx_word' id='word_1_84' title='bbox 1335 1943 1368 2002; x_wconf 88' lang='lat' dir='ltr'><strong>et</strong></span> 
     </span>
     <span class='ocr_line' id='line_1_13' title="bbox 367 2046 1368 2132; baseline -0.001 -20"><span class='ocrx_word' id='word_1_85' title='bbox 367 2053 550 2112; x_wconf 72' lang='lat' dir='ltr'><strong>constanter</strong></span> <span class='ocrx_word' id='word_1_86' title='bbox 578 2046 710 2112; x_wconf 91' lang='lat' dir='ltr'><strong>defendo</strong></span> <span class='ocrx_word' id='word_1_87' title='bbox 739 2069 779 2112; x_wconf 88' lang='lat' dir='ltr'><strong>ex</strong></span> <span class='ocrx_word' id='word_1_88' title='bbox 803 2052 893 2131; x_wconf 88' lang='lat' dir='ltr'><strong>parte</strong></span> <span class='ocrx_word' id='word_1_89' title='bbox 918 2046 1003 2131; x_wconf 79' lang='lat' dir='ltr'><strong>regis</strong></span> <span class='ocrx_word' id='word_1_90' title='bbox 1026 2050 1063 2111; x_wconf 92' lang='lat' dir='ltr'><strong>ut</strong></span> <span class='ocrx_word' id='word_1_91' title='bbox 1093 2046 1201 2111; x_wconf 91' lang='lat' dir='ltr'><strong>nullus</strong></span> <span class='ocrx_word' id='word_1_92' title='bbox 1233 2047 1368 2132; x_wconf 89' lang='lat' dir='ltr'><strong>amplius</strong></span> 
     </span>
     <span class='ocr_line' id='line_1_14' title="bbox 368 2159 1369 2248; baseline -0.005 -20"><span class='ocrx_word' id='word_1_93' title='bbox 368 2185 461 2248; x_wconf 87' lang='lat' dir='ltr'><strong>super</strong></span> <span class='ocrx_word' id='word_1_94' title='bbox 475 2163 534 2228; x_wconf 90' lang='lat' dir='ltr'><strong>hoc</strong></span> <span class='ocrx_word' id='word_1_95' title='bbox 549 2161 578 2226; x_wconf 91' lang='lat' dir='ltr'><strong>ei</strong></span> <span class='ocrx_word' id='word_1_96' title='bbox 593 2160 784 2245; x_wconf 81' lang='lat' dir='ltr'><strong>injustitiam</strong></span> <span class='ocrx_word' id='word_1_97' title='bbox 808 2160 914 2240; x_wconf 85' lang='lat' dir='ltr'><strong>faciet,</strong></span> <span class='ocrx_word' id='word_1_98' title='bbox 929 2161 983 2226; x_wconf 92' lang='lat' dir='ltr'><strong>sed</strong></span> <span class='ocrx_word' id='word_1_99' title='bbox 1006 2159 1083 2226; x_wconf 86' lang='lat' dir='ltr'><strong>istas</strong></span> <span class='ocrx_word' id='word_1_100' title='bbox 1108 2167 1141 2225; x_wconf 88' lang='lat' dir='ltr'><strong>et</strong></span> <span class='ocrx_word' id='word_1_101' title='bbox 1167 2181 1274 2224; x_wconf 86' lang='lat' dir='ltr'><strong>omnes</strong></span> <span class='ocrx_word' id='word_1_102' title='bbox 1292 2161 1369 2224; x_wconf 86' lang='lat' dir='ltr'><strong>alias</strong></span> 
     </span>
     <span class='ocr_line' id='line_1_15' title="bbox 367 2269 1369 2356; baseline -0.006 -16"><span class='ocrx_word' id='word_1_103' title='bbox 367 2281 466 2340; x_wconf 82' lang='lat' dir='ltr'><strong>terras</strong></span> <span class='ocrx_word' id='word_1_104' title='bbox 481 2296 553 2338; x_wconf 91' lang='lat' dir='ltr'><strong>cum</strong></span> <span class='ocrx_word' id='word_1_105' title='bbox 569 2295 685 2356; x_wconf 84' lang='lat' dir='ltr'><strong>magno</strong></span> <span class='ocrx_word' id='word_1_106' title='bbox 701 2273 817 2336; x_wconf 90' lang='lat' dir='ltr'><strong>honore</strong></span> <span class='ocrx_word' id='word_1_107' title='bbox 832 2278 864 2337; x_wconf 88' lang='lat' dir='ltr'><strong>et</strong></span> <span class='ocrx_word' id='word_1_108' title='bbox 879 2293 954 2356; x_wconf 85' lang='lat' dir='ltr'><strong>pace</strong></span> <span class='ocrx_word' id='word_1_109' title='bbox 968 2277 1084 2349; x_wconf 85' lang='lat' dir='ltr'><strong>teneat,</strong></span> <span class='ocrx_word' id='word_1_110' title='bbox 1101 2277 1133 2336; x_wconf 90' lang='lat' dir='ltr'><strong>et</strong></span> <span class='ocrx_word' id='word_1_111' title='bbox 1155 2270 1275 2336; x_wconf 89' lang='lat' dir='ltr'><strong>nemini</strong></span> <span class='ocrx_word' id='word_1_112' title='bbox 1297 2269 1369 2334; x_wconf 88' lang='lat' dir='ltr'><strong>inde</strong></span> 
     </span>
     <span class='ocr_line' id='line_1_16' title="bbox 368 2383 721 2470; baseline -0.006 -20"><span class='ocrx_word' id='word_1_113' title='bbox 368 2385 553 2470; x_wconf 88' lang='lat' dir='ltr'><strong>respondeat</strong></span> <span class='ocrx_word' id='word_1_114' title='bbox 568 2383 629 2448; x_wconf 87' lang='lat' dir='ltr'><strong>nisi</strong></span> <span class='ocrx_word' id='word_1_115' title='bbox 644 2383 721 2467; x_wconf 85' lang='lat' dir='ltr'><strong>regi.</strong></span> 
     </span>
    </p>
   </div>
   <div class='ocr_carea' id='block_1_4' title="bbox 371 2923 1371 3010">
    <p class='ocr_par' dir='ltr' id='par_1_4' title="bbox 371 2923 1371 3010">
     <span class='ocr_line' id='line_1_17' title="bbox 371 2923 1371 3010; baseline 0.002 -22"><span class='ocrx_word' id='word_1_116' title='bbox 371 2923 502 3010; x_wconf 72' lang='lat' dir='ltr'><strong>[Linus</strong></span> <span class='ocrx_word' id='word_1_117' title='bbox 524 2943 590 2988; x_wconf 78' lang='lat' dir='ltr'><strong>ann</strong></span> <span class='ocrx_word' id='word_1_118' title='bbox 606 2926 781 2989; x_wconf 80' lang='lat' dir='ltr'><strong>Lrsnnrrns</strong></span> <span class='ocrx_word' id='word_1_119' title='bbox 796 2943 835 2989; x_wconf 84' lang='lat' dir='ltr'><strong>or</strong></span> <span class='ocrx_word' id='word_1_120' title='bbox 857 2945 920 2988; x_wconf 81' lang='lat' dir='ltr'><strong>rus</strong></span> <span class='ocrx_word' id='word_1_121' title='bbox 936 2925 1076 2990; x_wconf 81' lang='lat' dir='ltr'><strong>Cuuncn</strong></span> <span class='ocrx_word' id='word_1_122' title='bbox 1092 2945 1133 2988; x_wconf 79' lang='lat' dir='ltr'><strong>nr</strong></span> <span class='ocrx_word' id='word_1_123' title='bbox 1147 2923 1227 2989; x_wconf 77' lang='lat' dir='ltr'><strong>Eur.</strong></span> <span class='ocrx_word' id='word_1_124' title='bbox 1244 2927 1371 3007; x_wconf 85' lang='lat'>1080.]²</span> 
     </span>
    </p>
   </div>
   <div class='ocr_carea' id='block_1_5' title="bbox 371 3107 1371 3176">
    <p class='ocr_par' dir='ltr' id='par_1_5' title="bbox 371 3107 1371 3176">
     <span class='ocr_line' id='line_1_18' title="bbox 371 3107 1371 3176; baseline -0.002 -18"><span class='ocrx_word' id='word_1_125' title='bbox 371 3107 422 3176; x_wconf 77' lang='lat' dir='ltr'><strong>[Aa</strong></span> <span class='ocrx_word' id='word_1_126' title='bbox 441 3113 544 3158; x_wconf 82' lang='lat' dir='ltr'><strong>eoonrt</strong></span> <span class='ocrx_word' id='word_1_127' title='bbox 565 3109 596 3158; x_wconf 89' lang='lat' dir='ltr'><strong>of</strong></span> <span class='ocrx_word' id='word_1_128' title='bbox 609 3109 682 3158; x_wconf 72' lang='lat' dir='ltr'><strong>inme</strong></span> <span class='ocrx_word' id='word_1_129' title='bbox 703 3109 829 3168; x_wconf 86' lang='lat' dir='ltr'><strong>conuties,</strong></span> <span class='ocrx_word' id='word_1_130' title='bbox 847 3108 907 3157; x_wconf 90' lang='lat' dir='ltr'><strong>held</strong></span> <span class='ocrx_word' id='word_1_131' title='bbox 917 3112 946 3157; x_wconf 86' lang='lat' dir='ltr'><strong>at</strong></span> <span class='ocrx_word' id='word_1_132' title='bbox 958 3109 1109 3169; x_wconf 74' lang='lat' dir='ltr'><strong>Kenetf&#39;ord,</strong></span> <span class='ocrx_word' id='word_1_133' title='bbox 1122 3109 1166 3158; x_wconf 85' lang='lat' dir='ltr'><strong>the</strong></span> <span class='ocrx_word' id='word_1_134' title='bbox 1183 3109 1262 3159; x_wconf 80' lang='lat' dir='ltr'><strong>ebbot</strong></span> <span class='ocrx_word' id='word_1_135' title='bbox 1278 3109 1308 3158; x_wconf 84' lang='lat' dir='ltr'><strong>of</strong></span> <span class='ocrx_word' id='word_1_136' title='bbox 1321 3109 1371 3173; x_wconf 76' lang='lat' dir='ltr'><strong>ely</strong></span> 
     </span>
    </p>
   </div>
   <div class='ocr_carea' id='block_1_6' title="bbox 433 3186 1371 3328">
    <p class='ocr_par' dir='ltr' id='par_1_6' title="bbox 433 3186 1371 3328">
     <span class='ocr_line' id='line_1_19' title="bbox 433 3186 1371 3237; baseline -0.002 -1"><span class='ocrx_word' id='word_1_137' title='bbox 433 3202 553 3237; x_wconf 86' lang='lat' dir='ltr'><strong>recovers</strong></span> <span class='ocrx_word' id='word_1_138' title='bbox 564 3188 669 3236; x_wconf 75' lang='lat' dir='ltr'><strong>varium</strong></span> <span class='ocrx_word' id='word_1_139' title='bbox 680 3186 756 3236; x_wconf 81' lang='lat' dir='ltr'><strong>lands</strong></span> <span class='ocrx_word' id='word_1_140' title='bbox 772 3187 823 3235; x_wconf 82' lang='lat' dir='ltr'><strong>and</strong></span> <span class='ocrx_word' id='word_1_141' title='bbox 835 3187 979 3236; x_wconf 72' lang='lat' dir='ltr'><strong>hunchises</strong></span> <span class='ocrx_word' id='word_1_142' title='bbox 990 3187 1020 3236; x_wconf 86' lang='lat' dir='ltr'><strong>of</strong></span> <span class='ocrx_word' id='word_1_143' title='bbox 1033 3186 1078 3237; x_wconf 85' lang='lat' dir='ltr'><strong>the</strong></span> <span class='ocrx_word' id='word_1_144' title='bbox 1094 3187 1193 3237; x_wconf 85' lang='lat' dir='ltr'><strong>churob</strong></span> <span class='ocrx_word' id='word_1_145' title='bbox 1210 3187 1240 3236; x_wconf 85' lang='lat' dir='ltr'><strong>of</strong></span> <span class='ocrx_word' id='word_1_146' title='bbox 1252 3187 1337 3237; x_wconf 78' lang='lat' dir='ltr'><strong>which</strong></span> <span class='ocrx_word' id='word_1_147' title='bbox 1349 3187 1371 3235; x_wconf 90' lang='lat' dir='ltr'><strong>it</strong></span> 
     </span>
     <span class='ocr_line' id='line_1_20' title="bbox 435 3262 958 3328; baseline 0 -16"><span class='ocrx_word' id='word_1_148' title='bbox 435 3263 487 3312; x_wconf 82' lang='lat' dir='ltr'><strong>hed</strong></span> <span class='ocrx_word' id='word_1_149' title='bbox 497 3264 562 3314; x_wconf 88' lang='lat' dir='ltr'><strong>been</strong></span> <span class='ocrx_word' id='word_1_150' title='bbox 573 3263 700 3314; x_wconf 82' lang='lat' dir='ltr'><strong>diseeiscd</strong></span> <span class='ocrx_word' id='word_1_151' title='bbox 711 3266 739 3313; x_wconf 85' lang='lat' dir='ltr'><strong>st</strong></span> <span class='ocrx_word' id='word_1_152' title='bbox 750 3265 796 3312; x_wconf 86' lang='lat' dir='ltr'><strong>the</strong></span> <span class='ocrx_word' id='word_1_153' title='bbox 807 3262 958 3328; x_wconf 77' lang='lat' dir='ltr'><strong>conquest]</strong></span> 
     </span>
    </p>
   </div>
   <div class='ocr_carea' id='block_1_7' title="bbox 369 3402 1372 4043">
    <p class='ocr_par' dir='ltr' id='par_1_7' title="bbox 369 3402 1372 4043">
     <span class='ocr_line' id='line_1_21' title="bbox 370 3402 1370 3487; baseline 0 -19"><span class='ocrx_word' id='word_1_154' title='bbox 370 3404 468 3468; x_wconf 80' lang='lat' dir='ltr'><strong>Anno</strong></span> <span class='ocrx_word' id='word_1_155' title='bbox 484 3402 523 3467; x_wconf 87' lang='lat' dir='ltr'><strong>ab</strong></span> <span class='ocrx_word' id='word_1_156' title='bbox 538 3402 752 3468; x_wconf 80' lang='lat' dir='ltr'><strong>incarnatione</strong></span> <span class='ocrx_word' id='word_1_157' title='bbox 767 3402 899 3467; x_wconf 89' lang='lat' dir='ltr'><strong>Domini</strong></span> <span class='ocrx_word' id='word_1_158' title='bbox 915 3403 1081 3468; x_wconf 87' lang='lat' dir='ltr'><strong>millesimo</strong></span> <span class='ocrx_word' id='word_1_159' title='bbox 1102 3403 1305 3487; x_wconf 88' lang='lat' dir='ltr'><strong>octogesimo,</strong></span> <span class='ocrx_word' id='word_1_160' title='bbox 1322 3403 1370 3468; x_wconf 91' lang='lat' dir='ltr'><strong>in·</strong></span> 
     </span>
     <span class='ocr_line' id='line_1_22' title="bbox 370 3513 1371 3599; baseline -0.001 -20"><span class='ocrx_word' id='word_1_161' title='bbox 370 3513 509 3579; x_wconf 80' lang='lat' dir='ltr'><strong>dictione</strong></span> <span class='ocrx_word' id='word_1_162' title='bbox 529 3513 705 3592; x_wconf 89' lang='lat' dir='ltr'><strong>undecima,</strong></span> <span class='ocrx_word' id='word_1_163' title='bbox 720 3519 837 3597; x_wconf 86' lang='lat' dir='ltr'><strong>epactae</strong></span> <span class='ocrx_word' id='word_1_164' title='bbox 861 3514 987 3579; x_wconf 89' lang='lat' dir='ltr'>XXVI.</span> <span class='ocrx_word' id='word_1_165' title='bbox 1004 3519 1114 3599; x_wconf 84' lang='lat' dir='ltr'><strong>quarto</strong></span> <span class='ocrx_word' id='word_1_166' title='bbox 1138 3536 1237 3579; x_wconf 79' lang='lat' dir='ltr'><strong>nonae</strong></span> <span class='ocrx_word' id='word_1_167' title='bbox 1252 3514 1371 3599; x_wconf 86' lang='lat' dir='ltr'><strong>Aprilis</strong></span> 
     </span>
     <span class='ocr_line' id='line_1_23' title="bbox 369 3623 1372 3711; baseline 0 -20"><span class='ocrx_word' id='word_1_168' title='bbox 369 3626 453 3691; x_wconf 85' lang='lat' dir='ltr'><strong>facta</strong></span> <span class='ocrx_word' id='word_1_169' title='bbox 482 3631 532 3690; x_wconf 86' lang='lat' dir='ltr'><strong>est</strong></span> <span class='ocrx_word' id='word_1_170' title='bbox 560 3623 711 3689; x_wconf 88' lang='lat' dir='ltr'><strong>discussio</strong></span> <span class='ocrx_word' id='word_1_171' title='bbox 740 3623 897 3689; x_wconf 79' lang='lat' dir='ltr'><strong>libertatis</strong></span> <span class='ocrx_word' id='word_1_172' title='bbox 926 3623 1059 3689; x_wconf 75' lang='lat' dir='ltr'><strong>abbatim</strong></span> <span class='ocrx_word' id='word_1_173' title='bbox 1088 3625 1246 3711; x_wconf 84' lang='lat' dir='ltr'><strong>Elyensis.</strong></span> <span class='ocrx_word' id='word_1_174' title='bbox 1293 3627 1372 3692; x_wconf 78' lang='lat' dir='ltr'><strong>Quae</strong></span> 
     </span>
     <span class='ocr_line' id='line_1_24' title="bbox 370 3735 1372 3822; baseline 0 -20"><span class='ocrx_word' id='word_1_175' title='bbox 370 3735 456 3822; x_wconf 85' lang='lat' dir='ltr'><strong>regis</strong></span> <span class='ocrx_word' id='word_1_176' title='bbox 471 3735 626 3802; x_wconf 90' lang='lat' dir='ltr'><strong>Willelmi</strong></span> <span class='ocrx_word' id='word_1_177' title='bbox 653 3735 833 3800; x_wconf 85' lang='lat' dir='ltr'><strong>defensione</strong></span> <span class='ocrx_word' id='word_1_178' title='bbox 853 3735 1090 3820; x_wconf 87' lang='lat' dir='ltr'><strong>quatuordecim</strong></span> <span class='ocrx_word' id='word_1_179' title='bbox 1111 3736 1203 3800; x_wconf 87' lang='lat' dir='ltr'><strong>annis</strong></span> <span class='ocrx_word' id='word_1_180' title='bbox 1229 3735 1372 3822; x_wconf 85' lang='lat' dir='ltr'><strong>neglecta</strong></span> 
     </span>
     <span class='ocr_line' id='line_1_25' title="bbox 370 3847 1372 3932; baseline 0 -19"><span class='ocrx_word' id='word_1_181' title='bbox 370 3848 479 3932; x_wconf 85' lang='lat' dir='ltr'><strong>inique</strong></span> <span class='ocrx_word' id='word_1_182' title='bbox 501 3847 717 3912; x_wconf 91' lang='lat' dir='ltr'><strong>ministrorum</strong></span> <span class='ocrx_word' id='word_1_183' title='bbox 751 3847 818 3931; x_wconf 89' lang='lat' dir='ltr'><strong>ejus</strong></span> <span class='ocrx_word' id='word_1_184' title='bbox 854 3847 1016 3912; x_wconf 86' lang='lat' dir='ltr'><strong>exactione</strong></span> <span class='ocrx_word' id='word_1_185' title='bbox 1052 3847 1213 3928; x_wconf 83' lang='lat' dir='ltr'><strong>suffocata,</strong></span> <span class='ocrx_word' id='word_1_186' title='bbox 1244 3847 1372 3932; x_wconf 87' lang='lat' dir='ltr'><strong>penitus</strong></span> 
     </span>
     <span class='ocr_line' id='line_1_26' title="bbox 370 3955 1370 4043; baseline -0.004 -19"><span class='ocrx_word' id='word_1_187' title='bbox 370 3957 517 4042; x_wconf 85' lang='lat' dir='ltr'><strong>extingui</strong></span> <span class='ocrx_word' id='word_1_188' title='bbox 540 3957 731 4024; x_wconf 78' lang='lat' dir='ltr'><strong>formidabat</strong></span> <span class='ocrx_word' id='word_1_189' title='bbox 751 3981 908 4043; x_wconf 86' lang='lat' dir='ltr'><strong>oppressa,</strong></span> <span class='ocrx_word' id='word_1_190' title='bbox 935 3955 1107 4023; x_wconf 87' lang='lat' dir='ltr'><strong>Godefrido</strong></span> <span class='ocrx_word' id='word_1_191' title='bbox 1131 3963 1238 4022; x_wconf 86' lang='lat' dir='ltr'><strong>antem</strong></span> <span class='ocrx_word' id='word_1_192' title='bbox 1262 3979 1370 4021; x_wconf 86' lang='lat' dir='ltr'><strong>mona-</strong></span> 
     </span>
    </p>
   </div>
   <div class='ocr_carea' id='block_1_8' title="bbox 369 4159 1372 4458">
    <p class='ocr_par' dir='ltr' id='par_1_8' title="bbox 405 4159 1151 4224">
     <span class='ocr_line' id='line_1_27' title="bbox 405 4159 1151 4224; baseline -0.005 -12"><span class='ocrx_word' id='word_1_193' title='bbox 405 4162 413 4198; x_wconf 89' lang='lat'><strong>¹</strong></span> <span class='ocrx_word' id='word_1_194' title='bbox 431 4161 527 4212; x_wconf 76' lang='lat' dir='ltr'><strong>Chron-</strong></span> <span class='ocrx_word' id='word_1_195' title='bbox 538 4161 605 4212; x_wconf 81' lang='lat' dir='ltr'><strong>Abb.</strong></span> <span class='ocrx_word' id='word_1_196' title='bbox 617 4163 649 4212; x_wconf 92' lang='lat' dir='ltr'><strong>de</strong></span> <span class='ocrx_word' id='word_1_197' title='bbox 661 4163 796 4222; x_wconf 67' lang='lat' dir='ltr'><strong>heccham,</strong></span> <span class='ocrx_word' id='word_1_198' title='bbox 809 4161 874 4224; x_wconf 80' lang='lat' dir='ltr'><strong>pref.</strong></span> <span class='ocrx_word' id='word_1_199' title='bbox 886 4161 958 4210; x_wconf 82' lang='lat' dir='ltr'><strong>xlviii</strong></span> <span class='ocrx_word' id='word_1_200' title='bbox 971 4161 1043 4220; x_wconf 82' lang='lat' dir='ltr'><strong>(Rae.</strong></span> <span class='ocrx_word' id='word_1_201' title='bbox 1057 4159 1151 4224; x_wconf 78' lang='lat' dir='ltr'><strong>(lom).</strong></span> 
     </span>
    </p>

    <p class='ocr_par' dir='ltr' id='par_1_9' title="bbox 369 4235 1372 4458">
     <span class='ocr_line' id='line_1_28' title="bbox 403 4235 1371 4304; baseline 0.001 -16"><span class='ocrx_word' id='word_1_202' title='bbox 403 4240 414 4271; x_wconf 82' lang='lat'>²</span> <span class='ocrx_word' id='word_1_203' title='bbox 431 4239 509 4288; x_wconf 88' lang='lat' dir='ltr'><strong>Liber</strong></span> <span class='ocrx_word' id='word_1_204' title='bbox 520 4239 638 4300; x_wconf 62' lang='lat' dir='ltr'><strong>Eliensie</strong></span> <span class='ocrx_word' id='word_1_205' title='bbox 649 4241 698 4288; x_wconf 81' lang='lat'><strong>251</strong></span> <span class='ocrx_word' id='word_1_206' title='bbox 713 4239 791 4304; x_wconf 78' lang='lat' dir='ltr'><strong>(Aug.</strong></span> <span class='ocrx_word' id='word_1_207' title='bbox 805 4238 888 4287; x_wconf 80' lang='lat' dir='ltr'><strong>Chris.</strong></span> <span class='ocrx_word' id='word_1_208' title='bbox 901 4235 982 4300; x_wconf 77' lang='lat' dir='ltr'><strong>Soc).</strong></span> <span class='ocrx_word' id='word_1_209' title='bbox 1027 4237 1080 4286; x_wconf 78' lang='lat' dir='ltr'><strong>&#39;l&#39;he</strong></span> <span class='ocrx_word' id='word_1_210' title='bbox 1096 4237 1179 4286; x_wconf 81' lang='lat' dir='ltr'><strong>ebore</strong></span> <span class='ocrx_word' id='word_1_211' title='bbox 1196 4237 1254 4287; x_wconf 84' lang='lat' dir='ltr'><strong>title</strong></span> <span class='ocrx_word' id='word_1_212' title='bbox 1268 4238 1291 4288; x_wconf 87' lang='lat' dir='ltr'><strong>is</strong></span> <span class='ocrx_word' id='word_1_213' title='bbox 1307 4240 1371 4289; x_wconf 85' lang='lat' dir='ltr'><strong>used</strong></span> 
     </span>
     <span class='ocr_line' id='line_1_29' title="bbox 371 4313 1372 4382; baseline -0.002 -14"><span class='ocrx_word' id='word_1_214' title='bbox 371 4319 410 4368; x_wconf 82' lang='lat' dir='ltr'><strong>for</strong></span> <span class='ocrx_word' id='word_1_215' title='bbox 426 4319 472 4366; x_wconf 86' lang='lat' dir='ltr'><strong>tha</strong></span> <span class='ocrx_word' id='word_1_216' title='bbox 489 4317 552 4366; x_wconf 84' lang='lat' dir='ltr'><strong>sake</strong></span> <span class='ocrx_word' id='word_1_217' title='bbox 569 4317 599 4364; x_wconf 84' lang='lat' dir='ltr'><strong>of</strong></span> <span class='ocrx_word' id='word_1_218' title='bbox 611 4317 793 4376; x_wconf 82' lang='lat' dir='ltr'><strong>convenience,</strong></span> <span class='ocrx_word' id='word_1_219' title='bbox 805 4319 834 4364; x_wconf 90' lang='lat' dir='ltr'><strong>to</strong></span> <span class='ocrx_word' id='word_1_220' title='bbox 845 4330 921 4364; x_wconf 86' lang='lat' dir='ltr'><strong>cover</strong></span> <span class='ocrx_word' id='word_1_221' title='bbox 932 4314 1031 4364; x_wconf 82' lang='lat' dir='ltr'><strong>savornl</strong></span> <span class='ocrx_word' id='word_1_222' title='bbox 1043 4313 1165 4365; x_wconf 81' lang='lat' dir='ltr'><strong>different</strong></span> <span class='ocrx_word' id='word_1_223' title='bbox 1175 4315 1320 4380; x_wconf 79' lang='lat' dir='ltr'><strong>litigatione</strong></span> <span class='ocrx_word' id='word_1_224' title='bbox 1336 4318 1372 4382; x_wconf 80' lang='lat' dir='ltr'><strong>by</strong></span> 
     </span>
     <span class='ocr_line' id='line_1_30' title="bbox 369 4395 629 4458; baseline -0.031 -8"><span class='ocrx_word' id='word_1_225' title='bbox 369 4401 414 4450; x_wconf 88' lang='lat' dir='ltr'><strong>the</strong></span> <span class='ocrx_word' id='word_1_226' title='bbox 425 4396 521 4448; x_wconf 87' lang='lat' dir='ltr'><strong>ohnrcb</strong></span> <span class='ocrx_word' id='word_1_227' title='bbox 533 4400 560 4446; x_wconf 90' lang='lat' dir='ltr'><strong>nt</strong></span> <span class='ocrx_word' id='word_1_228' title='bbox 573 4395 629 4458; x_wconf 78' lang='lat' dir='ltr'><strong>Ely.</strong></span> 
     </span>
    </p>
   </div>
   <div class='ocr_carea' id='block_1_9' title="bbox 0 0 1648 5132">
    <p class='ocr_par' dir='ltr' id='par_1_10' title="bbox 0 0 1648 5132">
     <span class='ocr_line' id='line_1_31' title="bbox 0 0 1648 5132; baseline 0 0"><span class='ocrx_word' id='word_1_229' title='bbox 0 0 1648 5132; x_wconf 95' lang='lat' dir='ltr'><strong> </strong></span> 
     </span>
    </p>
   </div>
  </div>
 </body>
</html>
