3286 5142
363 643 423 706 120
608 663 741 709 emens
764 663 1114 712 aucto-uouemus.

421 814 496 865 oided
507 817 544 881 by
554 815 613 866 four
630 817 820 882 neighbouring
830 822 922 870 towns.
958 819 1042 870 Seven
1061 819 1194 886 hundieds
1212 818 1359 871 assembled

421 893 511 942 before
518 895 614 954 Warin,
624 895 719 943 shesiff.
743 895 848 944 sixteen
856 899 1198 948 mensworntomnketrue
1204 899 1361 949 affirmatiou

423 984 457 1019 on
468 971 628 1034 inquisition,
640 973 724 1020 edis-m
736 971 795 1021 that
806 973 852 1022 the
868 974 931 1023 lsnd
947 974 996 1024 has
1012 975 1112 1040 always
1122 977 1197 1037 been,
1209 975 1261 1025 and
1277 977 1360 1039 ought

423 1052 452 1097 to
463 1049 495 1098 be
507 1054 684 1113 appartenant
696 1053 724 1099 to
736 1051 773 1110 B„
785 1066 816 1100 as
826 1051 937 1102 claimed
948 1053 983 1116 by
995 1053 1041 1102 tha
1052 1053 1201 1116 plumulis]

358 1191 457 1253 Auuo
468 1190 635 1255 millesimo
646 1191 832 1256 contessimo
844 1192 1009 1258 vicessimo
1019 1195 1155 1259 secundo
1164 1195 1204 1260 ab
1216 1194 1359 1258 incarna-

358 1301 590 1368 tioueDomini.
609 1302 1360 1390 HenricusrexAnglorumpraecepitutquaerela

357 1413 580 1478 monachomm
594 1413 704 1478 Sancti
718 1414 871 1496 Stephani
887 1415 1030 1495 Cadomi,
1042 1438 1138 1501 quam
1152 1415 1312 1481 faciebant
1320 1414 1359 1480 de

357 1529 451 1602 terra,
467 1545 536 1608 quae
551 1524 691 1607 pertinet
706 1523 745 1588 ad
761 1524 990 1604 Bridetonam,¹
1007 1549 1102 1610 quem
1117 1526 1259 1590 homines
1274 1525 1359 1609 regis

358 1632 396 1698 dc
412 1634 579 1719 Brideport
594 1635 833 1720 praeripuerant,
848 1640 882 1700 et
903 1633 1020 1701 auxilio
1043 1635 1259 1702 ministrorum
1273 1636 1358 1720 regis

357 1745 453 1830 potiti
474 1745 529 1809 diu
552 1752 730 1825 tenuerant,
753 1745 811 1811 sub
834 1747 1067 1812 examinatione
1084 1747 1230 1832 judicum
1253 1747 1356 1812 discu-

234 1846 238 1854 ’
356 1860 498 1934 teretur3
521 1856 567 1920 ita
582 1855 710 1940 quidem
725 1863 763 1920 ut
778 1857 850 1921 finis
862 1857 961 1922 totius
976 1859 1158 1942 questionis
1172 1858 1205 1922 in
1221 1858 1356 1922 affirme-

357 1968 444 2032 tione
459 1968 599 2032 virorum
614 1969 652 2032 de
667 1973 802 2053 quatuor
823 1970 967 2054 partibus
979 1969 1152 2034 vicinitatis
1174 1969 1259 2033 illius
1274 1968 1357 2034 villae

355 2086 536 2165 poneretur.
583 2080 676 2145 Quod
699 2103 771 2165 sepe
795 2080 942 2159 dilatum,
965 2081 1094 2146 tandem
1119 2086 1156 2145 ut
1181 2079 1280 2160 fieret,
1306 2081 1354 2143 in·

357 2190 463 2256 stabat
486 2191 569 2274 regis
587 2191 698 2274 jussio.
743 2191 805 2256 Die
826 2191 928 2276 igitur
950 2198 1080 2275 statuto,
1096 2191 1276 2277 calumpnia
1290 2213 1356 2255 mo-

357 2305 529 2368 nachorum
552 2304 662 2368 audita
683 2309 732 2368 eet
755 2326 858 2368 coram
882 2309 1002 2388 septem
1025 2302 1196 2368 hundredis
1213 2303 1267 2387 qui
1282 2325 1355 2367 con-

355 2421 507 2480 venerant
528 2438 621 2500 super
642 2417 773 2481 eandem
795 2421 921 2494 terram,
944 2437 984 2479 ex
1006 2413 1301 2499 circumjacentibus
1323 2420 1359 2490 ct

355 2529 461 2612 procul
483 2529 613 2592 remotis
642 2527 739 2608 villis,
764 2533 915 2612 presente
938 2525 1079 2590 Guarino
1106 2525 1287 2591 vicecomite
1316 2524 1355 2589 de

355 2641 488 2706 Dorseta
518 2649 550 2704 et
577 2641 758 2705 sumerseta
793 2641 885 2724 cujus
915 2639 1086 2704 tenendum
1115 2661 1208 2723 super
1235 2639 1294 2702 hac
1323 2661 1355 2703 re

354 2751 529 2836 specialiter
538 2751 721 2834 injunctum
732 2756 810 2829 erat,
819 2755 852 2813 et
862 2748 1034 2814 seeundum
1043 2746 1126 2832 regis
1139 2749 1353 2814 definitionem

348 2864 492 2946 juratum
515 2869 571 2926 est.
616 2862 703 2924 Nam
726 2860 883 2925 sexdecim
905 2859 1059 2938 homines,
1075 2863 1139 2925 tres
1154 2859 1301 2926 videlicet
1316 2861 1354 2926 de

354 2971 521 3055 Brideport
535 2976 568 3034 et
582 2978 645 3034 tres
659 2971 698 3033 de
718 2969 892 3033 Bridetona
906 2976 940 3034 et
954 2969 1063 3034 decem
1078 2968 1116 3034 de
1131 2969 1253 3048 vicinis,
1265 2972 1352 3055 jura·

353 3087 468 3147 verunt
490 3103 522 3145 se
537 3102 643 3144 verum
666 3079 906 3143 affirmationem
929 3081 1068 3144 facturos
1092 3080 1130 3144 de
1152 3080 1353 3165 inquisitione

352 3201 442 3258 ten-e
457 3191 555 3256 illius.
594 3190 670 3270 Qui,
681 3190 764 3254 facta
778 3188 994 3272 inquisitione,
1004 3191 1096 3275 eujus
1112 3191 1227 3257 rectius
1242 3191 1353 3257 debeat

352 3326 419 3370 esse
428 3302 637 3381 affirmabant,
646 3303 742 3385 juxta
752 3301 847 3365 fidem
854 3301 1039 3386 juramenti,
1045 3301 1227 3386 predictam
1236 3310 1352 3368 terram

351 3415 528 3499 antiquitus
557 3413 698 3497 adjacere
727 3413 766 3477 ad
795 3413 1011 3480 Bridetonam.
1065 3415 1109 3478 Et
1137 3415 1229 3498 cujus
1257 3414 1352 3481 fuerit

351 3527 534 3603 Bridetona,
564 3526 633 3609 ejus
662 3525 771 3590 debere
800 3533 881 3590 esset
907 3531 940 3590 et
970 3533 1052 3589 terre
1081 3525 1146 3590 illa.
1207 3526 1351 3592 (luorum

350 3637 514 3703 assertioni
539 3637 647 3702 cuncti
669 3636 902 3720 adquiescentes
914 3662 924 3714 ;
956 3635 1016 3700 Dei
1040 3635 1155 3718 gratia,
1180 3636 1351 3722 Sauctique

351 3748 504 3834 Stephani
525 3745 658 3825 metitis,
673 3769 729 3810 sua
742 3749 814 3830 jura
828 3747 1098 3830 conquerentibus
1114 3747 1349 3831 adjudicabant,

350 3859 638 3941 restituendamque
663 3864 781 3922 terram
806 3857 894 3922 illam
916 3859 956 3922 ud
982 3857 1198 3935 Bridctouam,
1225 3865 1258 3922 et
1282 3881 1349 3922 mo·

348 3971 458 4035 nachis
480 3970 551 4034 ilico
573 3969 767 4034 tradendam.
813 3969 928 4054 Sicque
950 3969 1058 4034 eodem
1078 3969 1128 4034 die
1150 3968 1348 4036 factumest.

348 4131 356 4146 .
381 4131 389 4148 .
412 4082 579 4149 ,Nomine
607 4103 680 4144 vero
710 4080 834 4145 illorum
864 4081 921 4164 qui
945 4081 1142 4164 juraverunt,
1169 4081 1234 4145 haec
1263 4086 1347 4147 sunt.

347 4189 538 4256 Willielmus
554 4190 591 4253 de
605 4191 680 4268 Uer,
694 4189 856 4253 Ranaldus
871 4190 986 4268 Postel,
1000 4191 1142 4255 Rueldus
1156 4190 1195 4255 de
1210 4192 1347 4270 Esterta‚

543 4380 550 4413 ¹
571 4384 686 4432 Grantetl
699 4388 725 4433 to
738 4386 782 4434 the
794 4386 876 4450 ubbey
889 4387 923 4448 by
937 4387 980 4435 the
993 4387 1150 4449 Conqueror.
