3286 5150
697 637 807 683 anuas
830 638 868 682 11.
1217 624 1279 687 235

344 787 447 850 munke,
458 788 514 839 into
531 789 577 839 the
594 788 679 852 king's
696 790 787 839 hands.
820 790 876 840 'l'he
892 789 964 852 prior
982 791 1034 841 and
1055 797 1167 844 convent
1184 807 1281 856 oppose

345 865 406 924 this,
418 867 470 914 and
482 867 543 916 seek
559 867 650 916 advice
661 867 728 916 from
744 866 867 928 Glanvill,
884 867 931 917 the
947 867 1034 932 kinffs
1046 870 1175 934 justiciar.
1208 871 1281 935 'Ibey

344 943 449 1004 explain
467 947 496 993 ιο
514 943 569 991 him
587 943 656 994 their
672 944 757 1008 rights
777 945 828 994 and
845 949 969 1006 oustoms,
981 947 1033 996 and
1050 950 1111 998 seek
1128 949 1281 1011 promotior.

344 1018 507 1070 Asterwards
523 1021 551 1069 iu
568 1021 613 1070 the
624 1020 704 1070 court
715 1022 746 1070 of
753 1021 902 1085 uxoreque
913 1027 942 1072 at
953 1024 1143 1087 westminster,
1157 1025 1279 1086 Glanrill,

344 1111 378 1146 ou
389 1099 564 1148 consultation
575 1099 640 1148 with
651 1100 696 1148 the
712 1100 820 1164 bishops
838 1101 891 1150 and
909 1101 985 1150 other
998 1103 1133 1167 justitiare
1150 1103 1219 1152 aster
1235 1103 1282 1154 the

344 1187 404 1224 case
419 1175 470 1225 had
486 1176 551 1224 been
565 1175 631 1240 fully
647 1176 785 1238 presented
804 1177 892 1226 before
909 1178 989 1239 them,
1008 1180 1082 1243 gives
1098 1179 1237 1244 jndgment
1253 1182 1281 1230 in

344 1252 436 1302 favour
456 1254 545 1304 nithe
560 1255 631 1316 prior
647 1255 700 1304 and
719 1258 839 1315 convent,
856 1254 991 1319 declnring
1006 1257 1076 1306 their
1094 1258 1182 1308 affairs
1201 1261 1230 1308 to
1248 1259 1282 1308 be

344 1331 457 1395 entirely
469 1335 591 1393 separate
605 1332 672 1381 from
682 1333 729 1381 tbe
740 1333 850 1391 abbot’s,
862 1347 924 1382 over
934 1333 1020 1383 which
1029 1334 1141 1385 Thomas
1152 1335 1206 1388 had
1215 1337 1281 1386 been

345 1413 486 1475 appointed
495 1433 502 1472 ς
520 1413 572 1463 and
583 1413 695 1463 Thomas
704 1414 728 1464 is
738 1412 846 1463 ordered
855 1417 883 1462 to
894 1417 938 1464 act
949 1415 1138 1482 accordingly]

281 1556 456 1620 Deruucrc
469 1555 583 1621 abbate
599 1558 734 1642 Rogero,
749 1561 782 1622 et
806 1555 959 1639 magistro
983 1557 1105 1623 'Phoma
1127 1557 1166 1624 de
1189 1559 1281 1624 Esse·

279 1666 388 1746 bmne‚
397 1665 507 1732 clerico
523 1665 642 1730 domini
657 1666 741 1750 regie
754 1666 886 1731 Henrici
901 1667 1039 1749 secundi,
1050 1668 1091 1734 ad
1105 1669 1282 1735 custodien-

280 1776 353 1840 dam
377 1776 537 1841 abbatiam
560 1777 656 1841 istam
682 1777 721 1841 ab
744 1775 812 1861 ipso
835 1775 962 1842 domino
985 1799 1059 1863 rege
1086 1779 1283 1858 transmisso,

279 1884 474 1969 propositum
506 1890 555 1951 est
585 1885 676 1950 nobis
707 1884 879 1951 abeodem
902 1887 1023 1952 Thema
1043 1888 1127 1972 quod
1147 1890 1283 1974 justicie
1392 1965 1395 1975 ¹

278 1993 400 2059 domini
421 1994 506 2080 regis
527 1994 556 2060 ei
578 1993 784 2080 injunxerant
804 2003 842 2061 ut
856 2002 925 2061 tam
939 1997 1133 2063 obedientias
1148 2005 1282 2080 nostras,

279 2105 635 2191 quamposeessionesad
644 2106 1282 2192 cameramabbatispertinentes,inmanu

279 2216 400 2281 domini
415 2217 498 2302 regis
512 2217 643 2283 saisiret.
666 2217 757 2283 Prior
772 2239 844 2282 vero
858 2223 891 2282 et
906 2228 1078 2284 conventus
1093 2219 1126 2284 id
1140 2220 1283 2304 graviter

280 2327 425 2409 ferentes,
439 2334 472 2394 et
487 2329 525 2394 de
546 2328 654 2393 futuro
669 2327 784 2392 damno
799 2333 832 2392 et
846 2328 982 2413 periculo
997 2330 1101 2414 magis
1122 2329 1282 2413 timentes,

280 2439 455 2505 instantius
469 2437 673 2524 postulabant
687 2443 726 2504 ut
747 2437 893 2504 seisinam
915 2439 1003 2504 illam
1025 2439 1164 2507 differret
1185 2442 1283 2508 donee

280 2573 372 2635 super
386 2551 444 2614 hoc
458 2572 531 2614 oum
544 2548 681 2635 justiciis
695 2548 792 2634 loqui,
807 2556 840 2615 et
853 2549 898 2615 eis
911 2551 964 2636 jus
978 2549 1190 2635 antiquitatis,
1200 2552 1284 2636 quod

280 2667 453 2744 atempcre
467 2657 550 2742 regis
565 2657 723 2738 Edwardi,
737 2658 772 2722 in
787 2658 972 2724 obedientiis
993 2660 1109 2726 nostris
1131 2660 1226 2726 libere
1248 2666 1282 2727 et

280 2771 385 2856 quiete
398 2791 454 2855 per
467 2792 598 2833 manum
613 2775 753 2834 nostram
768 2769 953 2850 tractandis,
969 2770 1130 2836 ostendere
1144 2777 1281 2856 possent.

323 2883 372 2947 De
393 2881 553 2946 communi
573 2880 679 2966 itaque
693 2878 822 2945 consilio
837 2879 980 2944 misimus
994 2880 1147 2946 domnum
1161 2883 1281 2947 Nioho-

279 2993 374 3070 laum,
397 2992 530 3078 priorem
561 2995 717 3071 nostrum,
738 3013 811 3056 cum
841 2991 1029 3076 quibusdam
1059 2992 1219 3073 fratribus,
1241 2994 1282 3058 ad

281 3103 476 3168 Raunulium
491 3103 530 3168 de
545 3100 716 3181 Glanvilla,
728 3100 783 3188 qui
796 3100 1003 3187 justiciarium
1018 3107 1208 3187 potestatem
1223 3102 1281 3168 sub

266 3237 353 3299 'rege
374 3215 409 3278 in
431 3219 500 3278 toto
522 3234 619 3297 regno
640 3211 766 3297 agebat,
790 3217 828 3275 ut
848 3211 878 3278 ei
899 3213 1138 3280 consuetudines
1159 3219 1282 3279 nostae

279 3323 449 3408 diligenter
474 3321 549 3387 viva
568 3344 645 3388 voce
667 3328 865 3408 exponerent,
882 3328 915 3388 et
940 3346 980 3389 ne
1001 3324 1161 3390 occasione
1186 3323 1282 3409 regiae

280 3431 428 3498 custodia
449 3436 659 3512 mutarentur,
673 3436 730 3496 aut
751 3431 965 3512 turbarentur,
987 3433 1140 3498 attentius
1161 3433 1282 3518 suppli-

279 3547 406 3719 ⁰⁸¹ng
422 3675 493 3717 vero
507 3651 547 3716 ad
570 3651 768 3716 Itannulium
789 3651 827 3716 de
850 3650 1010 3716 Glanvilla
1030 3650 1070 3715 ad
1092 3651 1281 3717 scaccarium

280 3765 363 3850 apud
378 3761 696 3829 westmonasterium
710 3762 880 3842 venissent,
896 3767 929 3827 et
942 3762 972 3828 ei
986 3761 1146 3828 libertates
1157 3767 1280 3827 nostras

279 3879 313 3940 et
327 3874 566 3940 consuetudines
579 3871 703 3958 plenius
724 3871 944 3952 insinuassent,
968 3872 1157 3951 Ranuulfus,
1172 3872 1281 3937 habita

280 4009 372 4072 super
382 3986 440 4050 hoc
454 3983 674 4050 deliberatione
688 4005 761 4048 cum
773 3984 924 4069 episcopis
938 3989 972 4050 et
986 3981 1056 4048 aliis
1069 3982 1280 4068 justiciis,·qui

279 4097 308 4162 ei
323 4098 362 4161 ad
377 4095 565 4161 scaocarium
578 4094 770 4175 assidebant,
784 4095 906 4160 decreto
920 4093 1021 4162 totius
1034 4093 1127 4158 curias
1141 4115 1279 4178 pronun-

279 4207 376 4273 tiavit
396 4205 518 4271 nullum
532 4206 595 4291 jus,
610 4203 715 4271 nullas
728 4204 978 4283 consuetudines,
995 4225 1072 4290 quas
1087 4203 1120 4268 in
1135 4203 1279 4269 obedien-

280 4319 334 4385 tiis
349 4317 465 4384 nostris
481 4316 519 4381 ab
542 4316 672 4402 antiquo
694 4315 873 4397 habuimus,
888 4316 992 4402 aliquo
1014 4315 1146 4381 obtentu
1169 4315 1279 4381 debere
