3280 5132
662 653 807 700 urrunnu
829 653 868 701 11.
1225 637 1267 700 ot

330 805 426 869 priests
435 805 466 857 ot
472 809 526 857 two
536 805 670 868 obnrches,
681 807 811 872 resulting
820 807 848 856 in
859 805 951 858 favour
961 803 993 856 οἰ
1004 804 1107 857 neither
1113 825 1121 866 t
1138 805 1230 857 monks
1241 806 1272 857 os

331 884 491 1027 tnp‘pepnpther
501 885 600 936 cbnrch
615 885 713 949 haring
729 885 882 966 ¹intervened
899 884 1070 949 mcccssfnlly
1080 884 1185 949 against
1203 884 1269 936 both

267 1161 340 1226 Eco
355 1160 521 1227 Wlstenus
535 1162 641 1248 gratia
657 1162 717 1229 Dei
732 1163 953 1248 wigornensis
968 1163 1131 1250 episcopus
1145 1163 1268 1230 decrevi

267 1273 424 1358 synodum
445 1295 637 1359 congregare
658 1274 693 1339 in
714 1277 904 1341 monasterio
936 1279 1059 1342 Sanctae
1090 1276 1202 1341 Marias
1233 1275 1269 1340 in

267 1383 387 1468 criptis,
402 1407 479 1470 quas
494 1407 553 1470 ego
568 1409 587 1450 a
602 1385 818 1452 fundamentis
832 1386 996 1466 aedificavi,
1018 1392 1052 1452 et
1072 1409 1128 1472 per
1147 1385 1269 1451 miseri-

267 1494 406 1560 cordiam
429 1494 490 1560 Dei
511 1501 620 1581 postea
642 1496 792 1563 dedicavi.
837 1497 915 1563 Haec
936 1497 1075 1584 synodus
1096 1496 1206 1562 habita
1221 1503 1270 1562 est

267 1627 350 1669 anno
378 1604 554 1671 Dominicae
576 1606 809 1672 Incarnationis
824 1607 975 1673 MXCII.
998 1606 1170 1673 indictione
1191 1606 1268 1672 XV.

267 1715 320 1780 Ad
342 1717 423 1782 hanc
448 1717 605 1802 synodum
627 1717 756 1783 invitati
778 1723 994 1783 convenerunt
1016 1741 1124 1784 omnes
1145 1718 1270 1804 sapien-

267 1825 398 1892 tissime
412 1849 550 1912 persone
565 1827 603 1892 de
617 1828 720 1892 tribus
742 1828 946 1894 comitatibus
967 1833 1082 1894 nostra
1103 1828 1268 1908 dioceseos,

268 1936 502 2020 Wigracestriae
535 1937 692 2018 videlicet,
733 1938 947 2019 Glaucestriae,
980 1938 1211 2019 Warewiccias3
1233 1961 1270 2004 eo

269 2046 354 2130 quod
376 2069 436 2131 ego
458 2045 622 2131 longevus
642 2049 775 2129 dierum,
790 2048 1042 2115 imbecillitatem
1056 2049 1193 2134 corporis
1207 2049 1271 2115 mei

269 2157 417 2234 sentiens,
439 2162 473 2223 et
494 2157 591 2223 finem
612 2158 688 2223 vitae
710 2181 786 2224 mere
808 2159 926 2224 instare
947 2159 1141 2244 intelligens,
1164 2158 1271 2246 cupie-

270 2267 343 2332 bam
366 2289 414 2332 res
437 2267 659 2332 ecclesiastices
682 2275 795 2333 nostre
817 2275 897 2334 curm
919 2269 1101 2334 commissas
1122 2269 1271 2334 canonice

268 2383 415 2457 tractare,
438 2384 472 2442 et
493 2399 622 2464 quaeque
644 2377 840 2443 emendanda
860 2378 965 2445 forent
985 2378 1113 2444 illorum
1135 2378 1272 2464 sapienti

269 2489 398 2555 consilio
420 2488 575 2572 corrigere
596 2494 630 2554 et
650 2489 827 2580 emendare.
871 2490 991 2555 Nostra
1011 2489 1119 2576 itaque
1141 2489 1272 2555 humili-

269 2607 338 2666 tate
368 2599 402 2664 in
424 2600 482 2664 hac
505 2600 624 2685 synodo
645 2599 842 2686 praesidente,
865 2607 934 2666 orta
956 2607 1005 2667 est
1034 2601 1159 2686 questio
1189 2602 1275 2668 inter

272 2711 349 2776 duos
369 2710 566 2796 presbiteros,
578 2711 771 2776 Alinothum
785 2711 906 2778 scilicet
920 2713 1130 2797 presbiterum
1147 2715 1274 2779 Sanctae

271 2823 379 2888 Eleum
409 2827 443 2887 et
471 2821 567 2887 Alam
590 2821 798 2908 presbiterum
822 2823 932 2889 Sancti
965 2823 1094 2904 Albani,
1116 2824 1155 2889 de
1183 2847 1274 2910 paro-

271 2934 351 3000 chiis
373 2941 407 3001 et
427 2933 708 3000 consuetudinibus
730 2934 930 3001 ecclesiarum
963 2957 1103 3000 suarum.
1147 2936 1273 3002 Horum

271 3045 516 3132 presbiterorum
553 3044 718 3110 altercatio
762 3053 904 3111 sanctam
940 3046 1098 3132 synodum
1134 3045 1273 3112 multum

271 3156 418 3222 detinuit.
463 3156 557 3221 Hanc
577 3155 667 3222 litem
691 3177 750 3242 ego
771 3157 918 3223 cononice
940 3157 1113 3224 discindere
1134 3157 1274 3242 cupiens,

269 3267 350 3352 jussi
372 3267 507 3333 seniores
529 3290 670 3354 quosque
691 3272 725 3333 et
746 3269 861 3354 quibus
884 3268 1056 3334 notissime
1071 3276 1177 3334 essent
1190 3269 1274 3334 anti·

272 3403 341 3465 quse
363 3378 584 3444 institutiones
606 3377 807 3443 ecclesiarum
828 3401 883 3444 seu
903 3378 1122 3463 parochiarum
1145 3378 1273 3464 Wigra-

273 3489 404 3568 cestrie,
441 3487 609 3554 veritatem
652 3487 781 3568 edicere,
814 3494 883 3554 tam
927 3488 966 3554 de
1011 3488 1275 3574 supradictarum,

274 3621 370 3686 quam
384 3598 423 3664 de
436 3597 578 3664 omnium
595 3598 794 3664 ecclesiarum
818 3598 905 3665 urbis
929 3599 1172 3684 Wigracestriae,
1190 3600 1275 3665 anti-

274 3707 436 3796 quissimir
467 3706 724 3773 institutionibus
756 3714 790 3774 et
819 3708 987 3793 parochiis.
1030 3709 1170 3773 Etcum
1192 3709 1276 3776 inter

275 3817 528 3904 supradictorum
549 3815 794 3902 presbiterorum
808 3817 1069 3903 disceptationem
1083 3817 1212 3884 auditus
1227 3826 1277 3886 est

275 3955 295 3996 a
316 3934 426 3995 sancta
446 3928 566 4014 synodo
587 3929 706 3994 clamor
726 3929 860 3994 filiorum
884 3929 1029 4009 ecclesie,
1051 3930 1276 3997 monachorum

174 4126 180 4139 .
275 4042 432 4123 videlicet,
454 4041 539 4126 quod
560 4040 622 4126 ipsi
651 4040 788 4126 dampna
821 4046 1004 4126 paterentur
1035 4044 1162 4105 suorum
1194 4044 1275 4109 redi·

276 4162 380 4235 tuum,
403 4177 482 4240 quos
505 4155 592 4238 juste
623 4153 736 4220 hebere
766 4151 949 4218 debuissent
979 4150 1018 4216 de
1049 4174 1106 4217 sua
1139 4153 1276 4235 ecclesia,

278 4269 401 4333 Sancte
423 4265 530 4331 Elenae
551 4264 671 4330 scilicet
691 4271 820 4350 propter
840 4269 909 4328 tem
941 4261 1125 4328 diuturnam
1155 4265 1276 4348 presbi-

276 4384 416 4446 terorum
431 4375 618 4444 discordiam
629 4375 723 4461 jussi,
737 4374 822 4442 sicut
836 4374 874 4439 de
896 4373 1154 4440 institutionibus
1178 4381 1274 4442 coete·

1130 4505 1146 4551 r
