3252 5112
702 689 844 732 vintrau
868 691 891 733 1.
1283 671 1300 733 7

298 841 441 907 Haltune
453 868 462 920 ς
497 841 530 904 in
562 841 793 920 Oxenlordsire,
824 840 1041 920 Niwentune;
1075 841 1109 904 in
1138 841 1300 922 Eastsexe,

297 951 451 1031 Stislede3
496 952 530 1015 in
566 951 754 1030 Sutfolchia,
796 951 1023 1016 Frachenham.
1085 951 1169 1016 Item
1207 974 1299 1036 snper

296 1061 468 1125 Rcdulfum
485 1061 523 1125 de
539 1061 644 1125 Curva
660 1061 758 1144 Spina
775 1061 845 1125 LX.
862 1061 1013 1125 solidatas
1035 1060 1073 1126 de
1096 1067 1241 1145 pasturas
1263 1063 1298 1126 in

296 1174 412 1238 Graan.
462 1174 507 1236 Et
535 1193 643 1236 omnes
673 1172 744 1236 illas
773 1177 872 1236 terras
896 1177 929 1236 ct
952 1171 1029 1236 alias
1064 1172 1297 1238 diratiocinavit

294 1305 368 1347 cnm
384 1283 528 1347 omnibus
551 1282 831 1347 consuetudinibus
846 1289 879 1348 et
895 1282 986 1347 rebus
1011 1306 1080 1368 quae
1106 1283 1146 1347 ad
1173 1284 1296 1348 easdem

295 1400 392 1459 terras
407 1395 609 1479 pertinebant
624 1395 669 1458 ita
683 1393 797 1458 liberas
812 1401 907 1479 atque
930 1395 1062 1479 quietas,
1079 1395 1163 1480 quod
1186 1395 1220 1458 in
1242 1396 1297 1460 illa

294 1505 344 1570 die
360 1527 421 1590 qua
440 1505 545 1589 ipsum
560 1504 713 1589 placitum
729 1504 855 1568 finitum
872 1503 934 1568 suit
948 1527 1012 1569 non
1027 1505 1179 1570 remansit
1201 1505 1296 1571 homo

293 1615 327 1678 in
341 1621 410 1680 toto
432 1637 530 1698 regno
554 1614 680 1699 Angliae
706 1613 763 1698 qui
789 1613 906 1698 aliquid
930 1615 1004 1680 inde
1029 1615 1296 1701 calumpniaretur

294 1747 393 1810 neque
408 1747 500 1809 super
516 1725 599 1808 ipsas
614 1730 712 1788 terras
727 1724 824 1788 etiam
845 1747 979 1809 parvum
996 1726 1164 1812 quicquam
1180 1727 1295 1792 clama-

293 1841 351 1901 ret.
398 1835 513 1900 Stolres
528 1856 601 1899 vero
627 1840 661 1899 et
684 1835 866 1900 Devintune
882 1840 915 1900 et
930 1836 1143 1902 Frachenham
1159 1838 1295 1903 reddidit

292 1945 427 2010 eoolesiae
458 1946 568 2011 Sancti
598 1944 741 2023 Andron,
773 1946 847 2031 quia
876 1946 914 2010 de
939 1947 1011 2030 jure
1036 1947 1135 2032 ipsius
1160 1949 1294 2013 ecclesia

293 2056 471 2140 antiquitus
486 2057 625 2122 luerunt.
671 2058 715 2120 Et
730 2056 764 2120 in
779 2058 886 2122 eodem
902 2057 1018 2142 placito
1027 2080 1091 2122 non
1101 2058 1201 2123 solum
1217 2060 1294 2124 istas

292 2166 534 2250 praenominatas
549 2173 581 2231 et
596 2167 673 2231 alias
689 2172 787 2231 terras
801 2167 856 2232 sed
870 2173 903 2233 et
925 2189 1034 2232 omnes
1057 2168 1221 2233 libertates
1245 2191 1293 2234 ec-

292 2276 392 2340 clesiae
415 2299 490 2356 suae,
504 2283 537 2341 et
562 2298 670 2340 omnes
695 2277 938 2342 consuetudines
963 2300 1035 2341 suas
1059 2277 1234 2357 renovavit,
1261 2286 1293 2344 et

291 2391 458 2450 renovatas
473 2386 515 2450 ibi
529 2385 773 2464 diratiocinavit,
785 2409 867 2463 soca,
883 2407 963 2465 saca,
973 2385 1030 2465 tol,
1039 2392 1134 2465 team,
1145 2386 1293 2471 flymena,

291 2497 441 2582 frymthe,
470 2497 683 2582 grithbrechc,
707 2496 861 2575 foresteal,
891 2496 1052 2574 haunfare‚
1083 2496 1291 2581 infangenne-

291 2609 389 2687 theof,
404 2631 477 2673 oum
500 2608 647 2672 omnibus
673 2607 743 2672 aliis
766 2607 1047 2672 consuetudinibus
1070 2608 1198 2692 paribus
1221 2609 1292 2674 istis

290 2720 340 2785 vel
358 2721 530 2784 minoribus
546 2720 664 2784 istisin
681 2720 771 2784 terris
786 2719 866 2783 etin
883 2719 984 2804 aquis,
999 2719 1032 2782 in
1048 2719 1154 2804 sylvis,
1171 2719 1204 2782 in
1220 2719 1291 2799 viis,

289 2837 322 2896 et
345 2829 379 2894 in
402 2830 512 2915 pratia,
528 2835 561 2894 et
584 2831 618 2892 in
633 2829 781 2894 omnibus
804 2828 874 2892 aliis
899 2829 991 2892 rebus
1017 2828 1100 2893 infra
1125 2828 1291 2894 civitatem

289 2948 322 3007 et
336 2947 434 3019 extra,
450 2941 532 3005 infra
546 2940 685 3023 burgum
701 2946 733 3004 et
747 2945 845 3017 extra,
862 2939 943 3004 etin
958 2940 1104 3004 omnibus
1120 2939 1190 3004 aliis
1201 2940 1287 3006 locis.

289 3055 335 3118 Et
349 3055 388 3118 ab
403 3054 549 3118 omnibus
565 3053 628 3116 illis
643 3052 748 3135 probis
763 3058 797 3116 et
814 3051 1010 3136 sapientibus
1033 3052 1214 3116 hominibus
1235 3053 1291 3137 qui

288 3165 446 3228 affuerunt
475 3164 538 3228 luit
567 3163 614 3228 ita
643 3163 688 3227 ibi
712 3163 979 3241 diratiocinatum,
1004 3168 1037 3227 et
1059 3163 1156 3228 etiam
1180 3185 1199 3227 a
1222 3168 1290 3229 toto

288 3275 442 3340 comitatu
467 3274 664 3339 recordatum
688 3279 782 3358 atque
801 3273 981 3356 judicatum
1007 3274 1091 3358 quod
1115 3274 1199 3338 sicut
1224 3274 1290 3358 ipsa

287 3410 342 3452 rex
357 3392 446 3452 tenet
460 3409 533 3451 suas
547 3391 646 3450 terras
660 3385 772 3449 liberas
794 3390 827 3450 et
848 3385 971 3468 quietas
995 3385 1028 3448 in
1052 3408 1109 3450 suo
1133 3385 1290 3451 dominico

287 3498 333 3561 ita
348 3497 596 3580 archiepiscopus
612 3494 848 3559 cantuariensis
863 3500 951 3560 tenet
966 3518 1037 3560 suas
1052 3501 1150 3560 terras
1160 3495 1289 3562 omnino

286 3608 399 3672 liberas
414 3611 447 3672 et
462 3607 583 3691 quietas
598 3605 632 3668 in
647 3629 704 3670 suo
719 3605 886 3670 dominico.
933 3606 1020 3670 Huic
1046 3607 1163 3691 placito
1188 3607 1287 3670 inter·

285 3719 415 3783 fuerunt
431 3716 610 3780 Gcisfridns
624 3716 786 3800 episcopus
802 3715 1056 3780 constantiensis
1080 3716 1135 3800 qui
1159 3715 1194 3779 in
1220 3716 1287 3781 loco

285 3829 369 3913 regia
393 3829 454 3892 fuit
469 3833 503 3892 et
521 3825 681 3910 justitiam
704 3825 793 3888 illam
816 3825 934 3903 tenuit,
960 3824 1158 3889 Lanlrancus
1184 3822 1286 3891 archi·

283 3941 445 4026 episcopus
460 3938 515 4024 qui
531 3947 567 4002 ut
582 3936 704 4000 dictum
726 3941 775 3999 est
798 3934 963 4018 placitavit
987 3945 1021 3999 ct
1035 3941 1140 3999 totum
1155 3936 1286 4002 diracio·

282 4053 524 4131 oinavit,comes
540 4047 672 4126 Contine,
685 4046 831 4110 videlicet
841 4046 1009 4130 praedictus
1022 4045 1091 4111 Odo
1105 4049 1285 4114 Baiocensis

281 4166 454 4250 episcopus,
470 4164 627 4227 Ernostus
642 4159 804 4244 episcopus
819 4157 858 4222 de
879 4158 1090 4239 Rovccestria,
1106 4159 1287 4244 AEgelricus

282 4278 444 4361 episcopus
459 4275 497 4340 de
513 4273 664 4350 Cicestra,
679 4270 729 4335 vir
749 4268 989 4355 antiquissimus
1013 4275 1047 4334 et
1068 4271 1177 4354 legum
1197 4277 1286 4336 terra

283 4386 533 4472 sapientissimus
552 4384 620 4470 (qui
643 4407 681 4448 ex
704 4387 858 4467 praecepto
880 4381 964 4465 regis
988 4380 1138 4448 advectus
1160 4381 1222 4445 suit
1247 4383 1286 4446 ad
