3286 5142
398 593 460 658 loo
645 613 778 658 cunoni
799 613 1146 662 nuceo-ucauuumou.

396 763 575 828 Runnulfim
589 762 730 829 illnmeie
741 764 839 843 dedit,
853 771 887 830 et
901 766 984 830 sicut
1001 768 1111 832 cartha
1130 767 1229 852 ipsius
1243 771 1396 847 testatur,

393 877 426 937 ei
449 873 531 937 sicui
551 879 724 938 tenuerunt
746 874 796 939 die
817 898 880 959 qua
901 899 957 941 rex
980 877 1139 942 Hearious
1160 877 1223 942 fuit
1245 877 1337 942 vivus
1360 885 1395 943 et

393 989 548 1062 mortuus,
578 989 611 1051 et
638 991 747 1069 postea
774 985 936 1051 haetenus.
980 988 1026 1051 Et
1054 987 1081 1051 si
1105 989 1175 1072 quis
1199 988 1262 1053 illie
1285 987 1395 1054 fecerit

393 1093 554 1178 injurium,
565 1093 708 1180 praeoipio
723 1094 806 1180 quod
819 1095 948 1180 plenum
964 1102 1086 1161 rectum
1097 1097 1159 1162 illis
1171 1098 1293 1164 faciatis
1307 1098 1392 1163 inde.

393 1205 486 1270 ueste
501 1205 639 1271 Roberoo
653 1205 692 1270 de
706 1206 771 1271 Ver
786 1206 870 1291 apud
884 1207 1153 1275 Bermundesium.

675 1703 902 1788 [Aacnmsnon
924 1723 964 1770 ou
986 1705 1121 1790 Υοιι]ς.]1

393 1862 461 1928 [une
471 1863 556 1928 kingste
566 1863 627 1914 mii
637 1863 765 1928 directing
776 1865 836 1914 that
852 1865 898 1915 ihc
913 1866 1029 1930 plaintiff
1041 1866 1103 1916 hold
1119 1882 1136 1916 a
1151 1869 1250 1918 certain
1266 1869 1321 1918 mill
1338 1869 1391 1918 and

456 1949 538 1996 water
554 1946 582 1994 in
599 1947 720 2010 aecunty,
738 1947 790 1996 and
806 1947 866 1997 chau
882 1947 954 2011 n'ghi
970 1948 1003 1998 be
1019 1947 1085 1998 dona
1101 1963 1172 2012 upon
1189 1950 1234 1998 the
1251 1965 1310 2000 men
1332 1951 1391 2000 who

457 2027 537 2078 bucko
549 2027 596 2078 the
605 2027 687 2092 rece]

394 2167 583 2231 Sunnnnuus
598 2189 652 2231 rex
666 2165 804 2250 Angiiau
816 2166 1002 2250 justiciariis
1016 2173 1049 2233 ei
1063 2167 1238 2233 vicecomiti
1253 2170 1292 2234 de
1306 2169 1391 2236 Ebo-

392 2299 474 2356 rum,
485 2275 629 2343 sulutem.
666 2277 827 2362 Proecipio,
836 2278 918 2362 quod
931 2279 1067 2343 Sanctus
1079 2280 1190 2344 Petrus
1200 2279 1240 2344 dc
1250 2279 1391 2346 Eborum

391 2387 506 2452 habeat
528 2386 744 2452 molendinum
765 2411 858 2452 suum
880 2411 952 2452 cum
974 2394 1087 2473 niagno
1109 2412 1166 2454 suo
1180 2389 1219 2454 de
1235 2390 1390 2471 Savelint,

391 2498 438 2563 iia
451 2498 531 2562 bene
545 2503 579 2562 et
592 2497 687 2563 libem
712 2499 794 2563 sicut
807 2497 920 2562 habuio
934 2505 1073 2583 tempore
1095 2522 1208 2584 regum
1223 2501 1391 2566 Willielmi

390 2613 425 2673 et
455 2607 586 2672 Henrici
615 2607 843 2672 avunculorum
873 2629 1024 2687 meorum,
1049 2613 1082 2672 ec
1109 2609 1239 2693 plenum
1267 2617 1389 2675 rectum

391 2717 484 2782 facite
506 2717 603 2783 michi
624 2724 658 2783 ei
678 2716 907 2802 archiepiscopo
930 2718 968 2782 de
990 2717 1052 2782 illis
1074 2719 1130 2804 qui
1144 2726 1295 2804 stagnum
1310 2721 1391 2786 illud

390 2827 565 2913 fregerunt.
608 2823 699 2893 Tesie
716 2827 856 2893 Rcberto
871 2829 910 2893 de
927 2829 1032 2908 Curci,
1048 2830 1133 2917 apud
1147 2830 1297 2896 Eborum.

593 3055 601 3088 ¹
618 3053 635 3102 6
650 3052 814 3104 Monuutioon
827 3052 898 3119 (part
910 3053 948 3121 8),
960 3054 1025 3110 1197
1037 3056 1086 3122 (ed.
1099 3057 1185 3125 1846).
