3286 5150
565 652 570 662 ·
657 627 767 674 senui
790 629 828 674 11.
1177 615 1238 674 229

253 819 337 900 [Tus
362 817 453 882 Kruc
476 839 503 882 ο.
529 817 671 897 Rosunr,
695 795 786 883 Eunu
801 839 841 884 or
858 821 1050 886 Lurcssrsu.
1099 823 1207 902 lm]

238 977 364 1043 [Williem
375 980 406 1030 oi
413 979 449 1038 0.,
462 981 584 1043 homeger
594 981 624 1031 οἰ
632 982 677 1031 the
689 981 838 1041 defendant,
850 986 949 1032 esserts
961 986 989 1030 tc
1001 982 1045 1032 tho
1057 983 1121 1045 iring
1133 983 1192 1032 that
1205 983 1237 1032 he

301 1058 433 1121 (Willism)
446 1059 529 1121 ought
540 1065 568 1108 to
579 1059 639 1107 hold
651 1059 778 1108 unienda
794 1059 824 1109 ci
838 1059 883 1108 the
894 1059 958 1122 king
970 1061 997 1107 in
1008 1059 1085 1116 obici,
1098 1059 1200 1109 instead
1211 1060 1241 1108 of

301 1135 407 1198 holding
418 1138 488 1184 them
506 1136 587 1186 nithe
604 1136 794 1196 defendentes
811 1137 913 1186 hewse
930 1136 1016 1199 doing.
1050 1137 1104 1186 'l'he
1119 1139 1182 1200 iring
1194 1153 1237 1187 ec·

300 1214 434 1277 cordingly
446 1229 578 1264 summoue
589 1215 635 1264 the
646 1215 796 1276 defendant,
807 1215 858 1263 eud
870 1215 897 1265 in
908 1230 1009 1264 euswer
1020 1219 1048 1264 tc
1059 1216 1103 1264 the
1115 1216 1191 1264 claim
1203 1216 1237 1264 he

299 1290 412 1339 declines
419 1295 447 1339 to
459 1295 561 1340 contest
573 1293 619 1340 the
630 1297 727 1342 metter
734 1293 798 1340 with
808 1292 853 1340 the
864 1293 935 1355 king,
943 1293 1044 1354 though
1053 1293 1185 1355 esserting
1193 1293 1236 1342 his

301 1369 367 1417 title.
401 1369 455 1417 The
466 1369 536 1432 king,
549 1369 640 1418 moved
651 1369 686 1432 by
698 1370 743 1418 the
753 1369 917 1419 defendent’s
928 1383 1038 1428 enswer,
1050 1369 1123 1431 gives
1142 1384 1178 1432 np
1196 1369 1237 1419 hie

299 1445 376 1494 claim
393 1450 422 1495 to
439 1448 483 1494 the
503 1451 657 1506 tenements,
674 1447 812 1509 retaining,
833 1447 959 1505 however,
974 1450 1027 1494 two
1046 1448 1148 1496 oestles.
1181 1447 1236 1496 'Phe

298 1523 363 1585 king
373 1523 428 1572 eise
439 1524 523 1586 yields
534 1527 562 1573 to
574 1524 619 1573 the
630 1523 730 1588 finding
740 1525 770 1572 of
782 1539 817 1572 en
834 1524 985 1587 inquisition
1001 1523 1032 1573 of
1043 1524 1088 1574 the
1098 1529 1195 1588 ccunty
1206 1540 1236 1574 es

299 1603 328 1649 te
339 1602 415 1650 other
425 1602 500 1651 lende
512 1602 539 1650 iu
551 1601 642 1650 ievour
653 1602 684 1651 oi
691 1602 736 1650 the
748 1599 910 1665 defendent]

234 1744 276 1808 In
298 1741 405 1808 eodem
421 1767 493 1809 vero
515 1743 661 1808 concilio²
676 1743 856 1808 Willelmus
878 1743 916 1808 de
941 1745 1131 1810 Cbehenues
1156 1746 1234 1811 iuti-

235 1859 376 1917 mavemt
390 1853 469 1938 regi,
484 1854 568 1937 quod
583 1853 649 1937 ipse
673 1854 799 1918 deberet
822 1854 860 1918 de
883 1877 919 1919 ec
946 1861 1051 1920 tenere
1077 1855 1111 1919 iu
1134 1857 1235 1940 capite

235 1963 396 2028 baroniam
422 1986 524 2044 suem,
549 1965 706 2048 quamde
737 1964 875 2030 Robertc
911 1966 1026 2032 comite
1057 1966 1235 2031 Leicestriae

234 2075 371 2140 tenebat.
419 2077 495 2141 Haec
511 2081 617 2140 autem
639 2075 771 2154 dicebat,
787 2098 882 2161 pravo
907 2099 982 2140 usus
1006 2077 1146 2157 consilio,
1162 2079 1236 2161 quia

234 2185 302 2270 regi
327 2186 449 2270 placere
473 2186 583 2266 voluit,
609 2186 663 2270 qui
689 2186 854 2251 dominum
878 2209 969 2251 snum
993 2187 1063 2253 odio
1087 2187 1234 2252 habebat.

235 2297 377 2381 Cumque
391 2296 558 2381 praedictus
572 2320 675 2363 comes
691 2297 869 2363 Leicestriee
883 2299 922 2364 ed
937 2298 1021 2363 diem
1047 2297 1107 2362 sibi
1132 2303 1234 2364 statu·

234 2413 304 2472 tum
319 2431 375 2493 per
390 2409 473 2494 regis
499 2409 777 2474 summonitionem
802 2409 948 2488 venisset,
972 2415 1101 2474 etcum
1127 2409 1235 2474 omnia

234 2542 302 2603 quae
325 2519 473 2584 adversus
498 2540 570 2584 eum
592 2519 800 2604 loquebantur
822 2518 1039 2598 auscultasset,
1064 2517 1234 2603 respondit,

233 2628 316 2714 quod
331 2628 476 2714 quamvis
491 2628 728 2712 predecessores
743 2629 800 2706 sui,
814 2651 948 2712 proavus
964 2627 1082 2693 scilicet
1100 2632 1133 2693 et
1155 2651 1234 2692 evus

234 2763 318 2818 sune,
328 2746 360 2803 et
369 2744 458 2823 peter
466 2761 550 2817 suus,
562 2745 595 2804 et
606 2740 738 2822 ipsemet
749 2739 900 2803 heberent
911 2743 1013 2802 cartas
1024 2744 1057 2803 et
1068 2737 1234 2823 privilegia

233 2873 344 2934 regum
371 2849 508 2933 Angliae,
532 2849 687 2913 Willelmi
711 2849 829 2914 scilicet
855 2853 888 2913 et
916 2848 1046 2913 Henrici
1070 2848 1176 2933 primi,
1196 2849 1234 2913 dc

234 2960 326 3025 terris
340 2961 416 3041 suis,
427 2967 461 3026 et
474 2960 662 3024 nominatim
679 2961 716 3025 de
732 2960 859 3025 baronia
875 2959 939 3039 illa,
952 2964 985 3024 et
999 2959 1144 3043 quamvis
1156 2982 1233 3043 prse-

234 3073 405 3137 decessores
429 3071 584 3136 Willelmi
614 3071 652 3135 de
678 3071 862 3135 Cbahenuis
887 3070 1048 3136 baroniam
1078 3069 1164 3134 illem
1196 3071 1234 3135 de

233 3181 503 3266 predecessoribus
519 3184 583 3248 suis
595 3205 714 3267 semper
723 3182 905 3247 inconcusse
914 3181 1108 3260 tenuissent;
1132 3181 1234 3245 uoluit

233 3300 340 3357 temen
365 3298 476 3356 contra
498 3292 582 3374 regis
596 3292 804 3370 voluntatem,
827 3313 925 3374 neque
949 3290 987 3354 de
1010 3312 1046 3354 eo
1072 3312 1172 3376 neque
1195 3289 1234 3353 de

233 3403 294 3466 elio
309 3408 490 3466 tenemento
505 3401 673 3484 placitere3
696 3400 748 3465 sed
774 3401 935 3478 concessit,
950 3408 988 3465 ut
1010 3401 1043 3464 id
1068 3407 1101 3464 et
1127 3399 1234 3464 omnia

233 3513 295 3577 alic
304 3517 484 3576 tenements
494 3535 550 3575 sua
564 3517 668 3576 essent
682 3510 715 3574 in
731 3509 940 3574 misericordis
951 3510 1045 3592 regis.
1091 3510 1234 3591 Cumque

233 3647 287 3688 rex
303 3623 438 3687 audisset
454 3645 527 3687 eum
551 3622 598 3686 ita
622 3622 673 3706 pie
697 3621 885 3704 loquentem,
900 3625 1076 3684 commotus
1102 3618 1232 3703 pietate,

233 3733 370 3798 reddidit
385 3733 413 3796 ei
429 3732 535 3796 omnis
557 3737 738 3796 tenementa
762 3753 828 3809 sue,
843 3730 877 3793 in
901 3729 1074 3812 integrum,
1091 3729 1172 3793 sicut
1196 3751 1232 3792 ea

233 3844 343 3907 babuit
360 3841 536 3926 quindecim
552 3841 661 3906 diebus
676 3844 750 3904 ante
764 3861 936 3923 gwerram3
961 3838 1014 3902 sed
1029 3861 1083 3902 rex
1099 3836 1232 3901 retinuit

234 3955 267 4018 in
294 3977 389 4018 manu
413 3975 469 4017 suu
492 3952 656 4018 castellum
680 3949 718 4014 de
744 3949 921 4028 Munsorel,
945 3954 977 4013 et
1001 3948 1162 4013 castellum
1193 3947 1231 4011 de

233 4067 344 4150 Psscy‚
375 4087 444 4149 quse
472 4063 534 4128 duo
563 4060 758 4127 solummodo
787 4064 1001 4125 remanserant
1036 4057 1156 4124 stantis
1193 4057 1233 4122 de

396 4255 403 4286 ¹
423 4253 437 4299 1
451 4248 617 4308 Benedictus,
630 4246 711 4298 Gesta
723 4247 846 4306 Hen.11.,
859 4247 907 4294 les
920 4245 991 4307 (Res.
1003 4241 1095 4310 Gom).

396 4329 406 4361 ²
425 4329 461 4377 At
474 4325 874 4390 Northumpten,ester.ien.13,
888 4321 960 4374 1177.
