3286 5150
723 637 832 682 unsar
856 637 892 682 11.
1248 617 1310 679 237

305 788 343 854 de
368 789 539 869 Glanvilla,
558 789 760 874 justiciarum
784 788 914 873 primus,
941 790 980 852 ad
1006 787 1083 852 alias
1105 786 1251 872 justicias
1278 809 1310 850 se
1402 857 1408 872 ,

290 899 490 965 'convertens
516 900 608 980 dixit,
630 900 872 966 consuetudines
888 907 1009 965 nostras
1027 897 1256 964 rationabiliter
1278 901 1311 961 et

306 1009 438 1076 discrete
453 1011 617 1076 institutas
641 1012 746 1091 fuisse,
761 1033 818 1076 nec
844 1010 963 1096 aliquid
987 1009 1179 1094 superfluum
1205 1009 1239 1071 in
1265 1007 1311 1072 eis

307 1120 494 1205 deprehendi
503 1145 603 1207 posse,
613 1145 669 1187 nec
678 1122 841 1187 dominum
852 1144 958 1206 regem
970 1121 1061 1199 velle,
1071 1143 1128 1186 nec
1144 1142 1176 1184 se
1188 1118 1310 1192 cudere,

307 1237 417 1296 contra
439 1234 678 1298 consuetudines
693 1241 760 1298 tam
776 1233 922 1317 antiquas
937 1237 970 1298 et
990 1233 1094 1316 justes
1110 1231 1310 1315 aliquatenus

308 1341 423 1421 venire,
438 1349 494 1408 sut
508 1345 589 1408 circa
604 1367 656 1409 eas
671 1344 789 1429 aliquid
804 1343 981 1408 immutare.
1013 1341 1173 1407 Rannulfo
1190 1363 1261 1406 vero
1275 1339 1313 1403 de

310 1451 471 1517 Glanvilla
483 1477 540 1538 pro
555 1455 646 1520 nobis
661 1455 709 1518 ita
723 1454 946 1533 sententiante,
962 1459 999 1517 ut
1015 1452 1134 1518 scilicet
1150 1451 1313 1516 decaetero
1386 1535 1390 1543 ⁴

309 1569 376 1626 tam
391 1564 598 1646 possessiones
613 1571 735 1629 nostres
757 1586 828 1627 cum
845 1563 936 1647 plena
951 1563 1104 1642 libertate,
1120 1584 1215 1647 quam
1230 1559 1313 1626 anti·

309 1694 385 1756 quas
407 1674 647 1739 eonsuetudines
663 1697 734 1738 cum
757 1672 844 1737 omni
866 1672 1062 1756 integritate,
1080 1673 1162 1737 sicut
1184 1671 1315 1737 inferius

309 1782 502 1866 subscripta,
518 1792 551 1848 et
573 1806 675 1848 coram
699 1781 836 1868 justiciis
859 1783 946 1847 lectae
962 1783 1101 1861 fuerunt,
1116 1783 1312 1861 haberemus,

310 1890 456 1954 omnibus
478 1891 573 1956 etism
595 1893 734 1977 justiciis
756 1915 825 1977 quae
847 1891 1115 1957 circumsedebant
1137 1891 1171 1954 in
1193 1892 1251 1956 hcc
1283 1891 1313 1955 ei

310 2000 490 2065 laventibus
521 2008 554 2066 et
586 2002 775 2088 suffragium
808 2025 901 2066 suum
938 1999 1122 2080 ferentibus,
1161 1999 1245 2085 prior
1280 2006 1313 2063 et

310 2109 431 2190 fratres,
454 2110 509 2195 qui
539 2133 612 2176 cum
636 2113 704 2197 ipso
733 2112 911 2176 transmissi
939 2115 1040 2189 erant,
1064 2132 1137 2175 eum
1171 2132 1247 2194 pace
1282 2117 1315 2174 et

310 2219 427 2304 gaudio
444 2220 559 2286 reversi
573 2229 658 2287 sunt.

345 2366 428 2432 [Here
439 2367 539 2417 follows
550 2383 566 2417 a
577 2371 719 2418 statement
730 2369 760 2418 οἱ
767 2369 812 2418 the
825 2373 949 2428 castoras,
962 2381 1095 2426 revennes,
1108 2367 1161 2416 and
1177 2382 1314 2430 expensos,
1375 2375 1381 2386 ’

312 2446 375 2494 with
386 2460 419 2494 an
433 2448 612 2496 enumeration
623 2448 654 2497 cf
660 2453 792 2510 property,
804 2446 849 2496 de.
862 2448 892 2496 of
900 2448 944 2496 the
954 2449 1111 2510 monastery.
1145 2447 1200 2495 'Phe
1217 2446 1314 2494 follow·

312 2523 358 2586 ing
368 2525 467 2574 arethe
479 2528 595 2574 onstoms
605 2526 635 2575 of
642 2527 710 2589 legal
721 2527 832 2576 interest
840 2525 892 2590 :—]

357 2650 553 2715 Camerarius
567 2653 663 2717 habet
683 2652 715 2717 in
731 2677 828 2718 manu
843 2677 897 2717 sua
919 2652 1029 2718 villam
1051 2652 1090 2717 de
1107 2651 1259 2717 Weliford
1281 2657 1314 2717 et

312 2761 422 2826 villam
445 2761 483 2828 de
508 2763 647 2844 (lhivele,
662 2788 733 2829 cum
758 2764 876 2828 villulis
899 2762 1100 2849 appendiciis.
1145 2763 1218 2828 Alia
1236 2786 1313 2848 prae-

313 2879 396 2936 terea
411 2872 507 2938 habet
528 2879 710 2940 tenemento.
731 2881 764 2940 et
785 2881 939 2955 tenentes,
955 2875 994 2940 de
1019 2871 1132 2960 quibus
1156 2879 1261 2958 potest
1282 2880 1316 2940 et

313 2983 406 3048 debet
432 2975 527 3050 libere
550 2991 583 3050 et
604 2986 690 3070 juste
713 2985 884 3071 disponere.
930 2987 983 3050 Ad
1002 2985 1205 3051 camerarium
1229 2986 1314 3051 enim

312 3094 450 3178 pertinet
465 3117 572 3161 omnes
586 3120 694 3162 causas
709 3105 742 3162 et
757 3097 885 3182 negotia
900 3097 1062 3162 hominum
1072 3119 1198 3162 suornm
1209 3097 1316 3164 audire

313 3210 346 3270 et
361 3206 540 3286 terminare,
556 3214 588 3273 et
607 3208 824 3294 delinquentes
845 3231 901 3293 pro
916 3209 1070 3294 qualitate
1092 3208 1198 3274 delicti
1223 3231 1316 3293 poena

313 3317 491 3401 pecuniaria
513 3319 718 3383 condemnare
727 3345 737 3398 3
762 3341 856 3402 quam
871 3341 995 3402 poenam
1011 3341 1074 3382 non
1089 3319 1206 3403 poterit
1220 3320 1316 3384 abbas
1382 3339 1386 3348 “

315 3449 333 3489 a
352 3427 532 3506 camerarie,
547 3427 597 3492 vel
620 3427 687 3492 sina
709 3427 920 3506 camerario,a
944 3427 1159 3492 condemnatis
1180 3428 1315 3513 erigere,

315 3559 372 3600 nec
395 3560 463 3601 eam
487 3543 597 3603 eontra
619 3537 817 3603 voluntatem
840 3537 1000 3602 camerarii
1025 3543 1082 3602 aut
1101 3539 1240 3604 minuere
1260 3551 1316 3607 aut

314 3646 480 3713 remittere.

360 3758 396 3821 Si
415 3765 522 3824 tamen
552 3758 737 3824 camerarius
759 3757 924 3823 excesserit
945 3765 978 3825 et
1006 3759 1148 3825 homines
1178 3783 1249 3826 suos
1275 3764 1315 3828 ad

314 3868 455 3935 indebita
470 3869 645 3956 prestanda
659 3869 770 3955 saepius
791 3869 987 3954 compulerit,
1009 3866 1102 3936 debet
1123 3895 1195 3936 eum
1218 3873 1315 3939 abbas

315 3979 472 4061 secretius,
502 3981 553 4047 vel
582 3965 616 4044 in
645 3980 804 4047 audientis
840 3979 986 4060 fratrum,
1016 3981 1175 4067 corripere,
1206 3995 1239 4048 et
1274 3986 1315 4050 ab

315 4090 434 4156 illicitis
460 4091 673 4158 exactionibus
710 4091 862 4157 cohibere.
906 4093 955 4156 De
979 4093 1051 4177 jure
1076 4116 1149 4158 vero
1172 4115 1228 4159 suo
1252 4118 1315 4162 non

316 4203 410 4270 debet
432 4204 462 4268 ei
487 4203 604 4290 aliquid
628 4203 800 4284 detrahere,
825 4201 908 4287 quod
932 4203 978 4267 ite
1001 4203 1091 4288 plene
1113 4203 1146 4269 in
1170 4207 1317 4272 omnibus

315 4316 412 4380 habet
438 4321 470 4382 et
499 4316 612 4383 habere
635 4315 728 4382 debet
751 4314 834 4380 sicut
857 4313 954 4379 abbas
978 4313 1011 4377 in
1037 4314 1103 4380 suis
1128 4320 1318 4386 tenementis
