3286 5150
367 617 429 679 alc
611 635 745 680 euacua
767 635 1117 682 suono-uouusumm.

511 813 597 894 [Tun
621 811 713 877 Kuvc
735 834 763 877 c.
789 813 854 878 Hrs
877 814 1045 879 Suumsrs.
1093 815 1219 897 1170.]ι

368 948 437 1014 [The
445 948 511 1011 king
521 948 630 1011 deposce
641 948 732 1012 nearly
744 949 780 998 all
791 949 821 999 oi
828 949 869 1000 his
881 949 983 1000 charitis
993 949 1045 1000 and
1054 949 1149 999 bailifl‘s
1160 950 1200 999 ior
1210 949 1374 1000 miscenduot

430 1027 459 1074 in
469 1027 550 1086 office,
565 1024 616 1074 and
629 1025 692 1089 they
703 1026 739 1074 all
750 1027 810 1088 give
822 1027 929 1089 pledges
947 1031 976 1075 to
986 1041 1089 1076 answer
1105 1027 1146 1078 ior
1162 1027 1233 1078 their
1243 1026 1372 1090 wrongt'ul

430 1106 488 1152 acte
500 1102 703 1152 andexuctions.
737 1103 778 1152 He
789 1105 853 1152 then
869 1103 967 1154 directe
984 1120 1018 1154 an
1036 1105 1188 1168 inquisition
1206 1120 1240 1153 on
1259 1104 1323 1154 oeth
1338 1105 1374 1168 by

430 1183 468 1230 ull
486 1182 517 1231 ot'
536 1181 579 1230 his
598 1181 675 1242 earls,
686 1182 791 1242 barone,
802 1182 919 1246 knights,
939 1182 1141 1243 nent-tenente,
1157 1182 1208 1232 and
1226 1183 1330 1232 villains
1346 1183 1374 1231 in

429 1256 495 1307 each
520 1261 618 1322 county
635 1261 664 1307 to
688 1259 818 1308 ascertahr
840 1259 886 1307 the
903 1261 996 1308 extent
1013 1259 1044 1307 os
1062 1259 1108 1308 the
1125 1260 1260 1309 exactione
1283 1259 1313 1308 οἱ
1332 1257 1374 1308 his

430 1334 553 1400 officere]

367 1441 515 1505 Pernen
531 1439 631 1526 igitur
646 1439 825 1505 sollenitate
841 1439 996 1518 Pascbnli,
1021 1439 1158 1524 perrexit
1185 1439 1258 1505 inde
1290 1441 1373 1524 [rex]

367 1551 560 1631 Lundonias,
576 1559 608 1616 et
624 1550 668 1614 ibi
679 1573 833 1636 magnum
849 1551 1017 1616 celebravit
1032 1551 1200 1616 concilium
1224 1551 1262 1616 de
1288 1573 1373 1616 coro·

366 1661 495 1727 natione
513 1662 654 1741 Henrici,
669 1661 728 1726 filii
744 1661 792 1724 sui
808 1661 944 1746 majoris,
955 1666 987 1727 et
1002 1663 1040 1727 de
1056 1663 1186 1727 statutis
1200 1661 1290 1746 regni
1306 1662 1373 1728 sui:

366 1779 399 1836 et
424 1772 543 1837 ibidem
570 1772 714 1858 deposuit
740 1773 802 1837 fere
826 1795 934 1837 omnes
962 1773 1159 1839 vicecomites
1190 1773 1317 1858 Angliae
1341 1779 1374 1840 et
1437 1825 1443 1837 ,

366 1881 511 1948 baillivos
526 1905 643 1963 eorum,
659 1905 714 1970 pro
731 1906 766 1948 ec
789 1882 872 1968 quod
892 1883 974 1948 male
997 1889 1211 1949 tractaverant
1233 1884 1375 1951 homines

364 1994 456 2078 regni
471 1995 529 2060 sui.
573 1996 618 2060 Et
634 1994 847 2078 unusquisque
856 1994 1076 2058 vicecomitum
1091 2003 1124 2060 et
1138 1995 1258 2060 baillivi
1268 2019 1374 2060 eorum

364 2103 485 2189 plegios
500 2103 689 2169 invenerunt
703 2105 741 2170 de
761 2105 880 2189 seipsis,
897 2105 980 2190 quod
996 2106 1035 2170 ad
1050 2109 1170 2170 rectum
1195 2111 1317 2173 starent
1343 2113 1376 2172 et

365 2215 601 2280 adresciandum
618 2215 746 2280 domino
761 2215 830 2300 regi
852 2222 885 2280 et
901 2215 1081 2280 homiuibus
1104 2217 1205 2301 regui,
1221 2218 1305 2301 quod
1330 2217 1375 2282 eis

365 2328 533 2392 adresciarc
557 2326 708 2392 deberent
734 2327 772 2391 de
796 2326 888 2411 prisia
911 2327 975 2390 suis
986 2353 995 2404 3
1029 2333 1061 2391 et
1085 2333 1195 2412 postea
1218 2328 1294 2392 iecit
1320 2351 1374 2393 rex

365 2462 473 2504 omnes
481 2439 625 2503 homines
637 2437 728 2522 mgni
743 2437 802 2518 sui,
815 2437 932 2503 scilicet
945 2437 1084 2517 comites,
1095 2439 1235 2517 barones,
1246 2439 1374 2520 milites,

365 2551 658 2629 francos-tenentes,
680 2553 713 2614 et
739 2549 835 2614 etiem
859 2548 1030 2628 villicanos,
1046 2571 1101 2634 per
1125 2549 1267 2634 singulos
1292 2550 1375 2616 vice·

366 2663 535 2726 comitatus
561 2661 677 2748 juram,
703 2660 799 2726 tactis
831 2660 1035 2725 sacrosanctis
1067 2660 1261 2743 Evangeliis,
1291 2661 1375 2746 quod

365 2795 473 2837 verum
489 2772 636 2850 dicerent,
654 2771 771 2836 scilicet
786 2771 868 2855 quod
885 2776 917 2836 et
938 2776 1092 2855 quantum
1119 2771 1317 2837 vicecomites
1341 2779 1375 2838 ct

364 2883 485 2948 baillivi
511 2905 616 2948 eorum
643 2882 682 2947 de
705 2882 750 2947 eis
774 2881 922 2967 ceperint,
939 2887 972 2956 et
998 2882 1082 2966 quod
1106 2904 1179 2946 cum
1200 2883 1320 2968 judicio
1341 2890 1375 2950 et

365 2995 447 3078 quod
462 2994 530 3058 sine
541 2991 671 3080 judicio,
686 3000 720 3056 et
733 3015 789 3077 pro
805 2991 892 3076 quali
908 2991 1113 3058 forisfactura.

396 3123 450 3170 'l'he
458 3121 602 3170 chronioler
612 3121 731 3169 however
741 3119 805 3168 adds
814 3139 819 3168 ι
832 3122 847 3146 “
859 3119 910 3169 Sed
921 3135 1045 3182 maguum
1052 3121 1177 3170 mmuum
1185 3124 1306 3184 provenit
1314 3124 1373 3172 inde

366 3199 441 3262 genti
454 3198 565 3259 Anglice,
578 3197 640 3259 qnia
651 3199 711 3259 post
728 3196 826 3244 factm
844 3196 1037 3258 inquisitionem
1055 3211 1100 3245 rex
1115 3199 1231 3259 reposuit
1249 3199 1374 3261 quosdam

367 3275 551 3324 vicecomitum
570 3274 673 3322 illorum
696 3274 791 3322 iterum
812 3273 839 3321 in
858 3272 922 3322 locis
939 3272 1002 3332 suis,
1019 3277 1099 3337 atque
1119 3273 1170 3336 ipsi
1187 3277 1279 3337 postea
1290 3277 1374 3323 multo

365 3355 520 3406 crudeliores
531 3355 674 3404 extiterunt
686 3369 764 3418 quem
775 3359 853 3404 autea
863 3353 995 3403 iuernnt.”

605 3911 759 4000 [Tsouas
783 3911 806 3975 1
830 3913 973 3977 Bscnav.
1019 3910 1146 3995 1170,]ς

365 4038 491 4104 [Thomas
503 4047 516 4089 t
530 4041 627 4090 Becket
637 4042 735 4104 having
746 4041 851 4090 become
873 4039 1019 4090 reconoiled
1035 4039 1100 4089 with
1113 4039 1159 4090 thc
1170 4039 1242 4102 king,
1254 4037 1300 4086 the
1311 4037 1375 4100 king

430 4123 522 4182 granta
544 4120 585 4168 his
602 4120 662 4168 vvrit
682 4120 810 4182 directing
828 4118 1017 4183 protectiones
1031 4119 1085 4167 him
1105 4118 1156 4167 and
1176 4117 1217 4165 his
1236 4131 1305 4174 meu,
1324 4115 1375 4164 und

488 4283 496 4315 ¹
514 4289 529 4334 2
542 4287 665 4336 Florsnce
677 4288 707 4337 oi
716 4289 868 4347 worcester,
882 4289 931 4336 138
943 4287 1020 4350 (Eng.
1032 4286 1104 4336 Hiet.
1118 4285 1196 4344 Sco).

486 4363 497 4395 ¹
515 4365 527 4411 1
541 4364 692 4427 Twysdcu's
706 4366 860 4427 Scriptores,
873 4367 937 4414 141³
952 4363 1103 4428 (Gcrvasius
1115 4362 1144 4410 of
1153 4361 1258 4423 Dover).
