<?xml version="1.0" encoding="UTF-8"?>
<!DOCTYPE html PUBLIC "-//W3C//DTD XHTML 1.0 Transitional//EN"
    "http://www.w3.org/TR/xhtml1/DTD/xhtml1-transitional.dtd">
<html xmlns="http://www.w3.org/1999/xhtml" xml:lang="en" lang="en">
 <head>
  <title>
</title>
<meta http-equiv="Content-Type" content="text/html;charset=utf-8" />
  <meta name='ocr-system' content='tesseract 3.04.00' />
  <meta name='ocr-capabilities' content='ocr_page ocr_carea ocr_par ocr_line ocrx_word'/>
</head>
<body>
  <div class='ocr_page' id='page_1' title='image "./placitaanglonor01bigegoog_0089.png"; bbox 0 0 3280 5132; ppageno 0'>
   <div class='ocr_carea' id='block_1_1' title="bbox 341 593 1089 652">
    <p class='ocr_par' dir='ltr' id='par_1_1' title="bbox 341 593 1089 652">
     <span class='ocr_line' id='line_1_1' title="bbox 341 593 1089 652; baseline -0.001 -1"><span class='ocrx_word' id='word_1_1' title='bbox 341 593 380 651; x_wconf 78' lang='lat'>20</span> <span class='ocrx_word' id='word_1_2' title='bbox 584 607 717 652; x_wconf 75' lang='lat' dir='ltr'>ruscius</span> <span class='ocrx_word' id='word_1_3' title='bbox 741 605 1089 651; x_wconf 76' lang='lat' dir='ltr'>sueno-nouusumcs.</span> 
     </span>
    </p>
   </div>
   <div class='ocr_carea' id='block_1_2' title="bbox 359 808 1325 895">
    <p class='ocr_par' dir='ltr' id='par_1_2' title="bbox 359 808 1325 895">
     <span class='ocr_line' id='line_1_2' title="bbox 359 808 1325 895; baseline 0 -21"><span class='ocrx_word' id='word_1_4' title='bbox 359 811 499 895; x_wconf 80' lang='lat' dir='ltr'>[B1ssor</span> <span class='ocrx_word' id='word_1_5' title='bbox 515 812 588 875; x_wconf 87' lang='lat' dir='ltr'>Ono</span> <span class='ocrx_word' id='word_1_6' title='bbox 603 834 629 875; x_wconf 77' lang='lat' dir='ltr'>s.</span> <span class='ocrx_word' id='word_1_7' title='bbox 646 808 795 874; x_wconf 80' lang='lat' dir='ltr'>Wsrnns</span> <span class='ocrx_word' id='word_1_8' title='bbox 808 829 848 874; x_wconf 81' lang='lat' dir='ltr'>os</span> <span class='ocrx_word' id='word_1_9' title='bbox 863 812 1032 875; x_wconf 79' lang='lat' dir='ltr'>Evssssss.</span> <span class='ocrx_word' id='word_1_10' title='bbox 1066 813 1181 874; x_wconf 79' lang='lat' dir='ltr'>Aecus</span> <span class='ocrx_word' id='word_1_11' title='bbox 1198 810 1280 874; x_wconf 85' lang='grc'><strong>1077</strong></span> <span class='ocrx_word' id='word_1_12' title='bbox 1286 808 1325 892; x_wconf 87' lang='lat'>.]¹</span> 
     </span>
    </p>
   </div>
   <div class='ocr_carea' id='block_1_3' title="bbox 343 995 1343 1602">
    <p class='ocr_par' dir='ltr' id='par_1_3' title="bbox 343 995 1343 1602">
     <span class='ocr_line' id='line_1_3' title="bbox 343 995 1343 1061; baseline 0 -15"><span class='ocrx_word' id='word_1_13' title='bbox 343 995 462 1061; x_wconf 86' lang='lat' dir='ltr'>[Walter,</span> <span class='ocrx_word' id='word_1_14' title='bbox 485 997 566 1046; x_wconf 86' lang='lat' dir='ltr'>abbot</span> <span class='ocrx_word' id='word_1_15' title='bbox 588 997 617 1046; x_wconf 73' lang='grc' dir='ltr'>οἰ</span> <span class='ocrx_word' id='word_1_16' title='bbox 636 997 772 1054; x_wconf 70' lang='lat' dir='ltr'>Eusebem,</span> <span class='ocrx_word' id='word_1_17' title='bbox 795 997 928 1060; x_wconf 79' lang='lat' dir='ltr'>following</span> <span class='ocrx_word' id='word_1_18' title='bbox 950 997 1048 1056; x_wconf 76' lang='lat' dir='ltr'>odrice,</span> <span class='ocrx_word' id='word_1_19' title='bbox 1070 996 1171 1047; x_wconf 80' lang='lat' dir='ltr'>refuses</span> <span class='ocrx_word' id='word_1_20' title='bbox 1192 1001 1221 1046; x_wconf 85' lang='lat' dir='ltr'>to</span> <span class='ocrx_word' id='word_1_21' title='bbox 1242 997 1343 1047; x_wconf 76' lang='lat' dir='ltr'>receive</span> 
     </span>
     <span class='ocr_line' id='line_1_4' title="bbox 405 1074 1342 1139; baseline 0.002 -17"><span class='ocrx_word' id='word_1_22' title='bbox 405 1074 515 1138; x_wconf 78' lang='lat' dir='ltr'><strong>homage</strong></span> <span class='ocrx_word' id='word_1_23' title='bbox 526 1075 591 1124; x_wconf 79' lang='lat' dir='ltr'>from</span> <span class='ocrx_word' id='word_1_24' title='bbox 603 1090 682 1138; x_wconf 80' lang='lat' dir='ltr'>many</span> <span class='ocrx_word' id='word_1_25' title='bbox 692 1075 723 1123; x_wconf 82' lang='lat' dir='ltr'>of</span> <span class='ocrx_word' id='word_1_26' title='bbox 731 1075 771 1124; x_wconf 88' lang='lat' dir='ltr'>his</span> <span class='ocrx_word' id='word_1_27' title='bbox 782 1090 849 1134; x_wconf 88' lang='lat' dir='ltr'>men,</span> <span class='ocrx_word' id='word_1_28' title='bbox 861 1075 976 1138; x_wconf 78' lang='lat' dir='ltr'>desiring</span> <span class='ocrx_word' id='word_1_29' title='bbox 986 1079 1014 1123; x_wconf 90' lang='lat' dir='ltr'>to</span> <span class='ocrx_word' id='word_1_30' title='bbox 1025 1076 1088 1123; x_wconf 83' lang='lat' dir='ltr'>take</span> <span class='ocrx_word' id='word_1_31' title='bbox 1098 1090 1175 1139; x_wconf 83' lang='lat' dir='ltr'>away</span> <span class='ocrx_word' id='word_1_32' title='bbox 1182 1075 1342 1124; x_wconf 80' lang='lat' dir='ltr'>theti-lande.</span> 
     </span>
     <span class='ocr_line' id='line_1_5' title="bbox 406 1152 1343 1216; baseline 0 -16"><span class='ocrx_word' id='word_1_33' title='bbox 406 1153 461 1200; x_wconf 83' lang='lat' dir='ltr'>&#39;Phe</span> <span class='ocrx_word' id='word_1_34' title='bbox 472 1166 532 1200; x_wconf 89' lang='lat' dir='ltr'>men</span> <span class='ocrx_word' id='word_1_35' title='bbox 542 1152 570 1200; x_wconf 90' lang='lat' dir='ltr'>in</span> <span class='ocrx_word' id='word_1_36' title='bbox 581 1167 662 1215; x_wconf 74' lang='lat' dir='ltr'>anger</span> <span class='ocrx_word' id='word_1_37' title='bbox 673 1167 706 1216; x_wconf 80' lang='lat' dir='ltr'>go</span> <span class='ocrx_word' id='word_1_38' title='bbox 718 1157 747 1200; x_wconf 86' lang='lat' dir='ltr'>to</span> <span class='ocrx_word' id='word_1_39' title='bbox 759 1153 821 1211; x_wconf 91' lang='lat' dir='ltr'>Odo,</span> <span class='ocrx_word' id='word_1_40' title='bbox 834 1153 879 1201; x_wconf 90' lang='lat' dir='ltr'>the</span> <span class='ocrx_word' id='word_1_41' title='bbox 890 1153 978 1216; x_wconf 80' lang='lat' dir='ltr'>king’s</span> <span class='ocrx_word' id='word_1_42' title='bbox 988 1153 1171 1212; x_wconf 79' lang='lat' dir='ltr'>belf-brother,</span> <span class='ocrx_word' id='word_1_43' title='bbox 1188 1152 1241 1200; x_wconf 80' lang='lat' dir='ltr'>ond</span> <span class='ocrx_word' id='word_1_44' title='bbox 1258 1153 1343 1216; x_wconf 78' lang='lat' dir='ltr'>allego</span> 
     </span>
     <span class='ocr_line' id='line_1_6' title="bbox 406 1229 1342 1292; baseline 0.002 -15"><span class='ocrx_word' id='word_1_45' title='bbox 406 1229 465 1278; x_wconf 86' lang='lat' dir='ltr'>that</span> <span class='ocrx_word' id='word_1_46' title='bbox 473 1230 594 1278; x_wconf 74' lang='lat' dir='ltr'>Wslter&#39;s</span> <span class='ocrx_word' id='word_1_47' title='bbox 602 1230 767 1292; x_wconf 82' lang='lat' dir='ltr'>predecessor</span> <span class='ocrx_word' id='word_1_48' title='bbox 776 1229 827 1278; x_wconf 85' lang='lat' dir='ltr'>bad</span> <span class='ocrx_word' id='word_1_49' title='bbox 836 1245 907 1278; x_wconf 86' lang='lat' dir='ltr'>coms</span> <span class='ocrx_word' id='word_1_50' title='bbox 915 1231 973 1279; x_wconf 88' lang='lat' dir='ltr'>into</span> <span class='ocrx_word' id='word_1_51' title='bbox 981 1231 1128 1292; x_wconf 71' lang='lat' dir='ltr'>possession</span> <span class='ocrx_word' id='word_1_52' title='bbox 1138 1229 1168 1278; x_wconf 79' lang='lat' dir='ltr'>of</span> <span class='ocrx_word' id='word_1_53' title='bbox 1175 1229 1220 1278; x_wconf 84' lang='lat' dir='ltr'>the</span> <span class='ocrx_word' id='word_1_54' title='bbox 1228 1230 1304 1279; x_wconf 81' lang='lat' dir='ltr'>lenda</span> <span class='ocrx_word' id='word_1_55' title='bbox 1314 1231 1342 1279; x_wconf 90' lang='lat' dir='ltr'>in</span> 
     </span>
     <span class='ocr_line' id='line_1_7' title="bbox 406 1307 1343 1371; baseline 0.002 -16"><span class='ocrx_word' id='word_1_56' title='bbox 406 1308 526 1369; x_wconf 79' lang='lat' dir='ltr'>question</span> <span class='ocrx_word' id='word_1_57' title='bbox 537 1308 573 1371; x_wconf 81' lang='lat' dir='ltr'>by</span> <span class='ocrx_word' id='word_1_58' title='bbox 581 1307 707 1355; x_wconf 81' lang='lat' dir='ltr'>unlawful</span> <span class='ocrx_word' id='word_1_59' title='bbox 716 1322 819 1364; x_wconf 68' lang='lat' dir='ltr'>menum</span> <span class='ocrx_word' id='word_1_60' title='bbox 832 1308 986 1370; x_wconf 84' lang='lat' dir='ltr'>whereupon</span> <span class='ocrx_word' id='word_1_61' title='bbox 996 1308 1028 1356; x_wconf 89' lang='lat' dir='ltr'>he</span> <span class='ocrx_word' id='word_1_62' title='bbox 1039 1307 1180 1356; x_wconf 84' lang='lat' dir='ltr'>assembles</span> <span class='ocrx_word' id='word_1_63' title='bbox 1191 1307 1242 1356; x_wconf 83' lang='lat' dir='ltr'>five</span> <span class='ocrx_word' id='word_1_64' title='bbox 1251 1307 1343 1367; x_wconf 78' lang='lat' dir='ltr'>shims,</span> 
     </span>
     <span class='ocr_line' id='line_1_8' title="bbox 406 1382 1343 1449; baseline 0.001 -16"><span class='ocrx_word' id='word_1_65' title='bbox 406 1384 458 1434; x_wconf 83' lang='lat' dir='ltr'>and</span> <span class='ocrx_word' id='word_1_66' title='bbox 469 1385 505 1448; x_wconf 83' lang='lat' dir='ltr'>by</span> <span class='ocrx_word' id='word_1_67' title='bbox 515 1382 585 1433; x_wconf 75' lang='lat' dir='ltr'>their</span> <span class='ocrx_word' id='word_1_68' title='bbox 591 1385 730 1448; x_wconf 75' lang='lat' dir='ltr'>judgment</span> <span class='ocrx_word' id='word_1_69' title='bbox 740 1400 859 1434; x_wconf 87' lang='lat' dir='ltr'>recovers</span> <span class='ocrx_word' id='word_1_70' title='bbox 871 1385 1056 1449; x_wconf 83' lang='lat' dir='ltr'>twenty-eight</span> <span class='ocrx_word' id='word_1_71' title='bbox 1068 1389 1152 1434; x_wconf 82' lang='lat' dir='ltr'>towns</span> <span class='ocrx_word' id='word_1_72' title='bbox 1163 1385 1193 1434; x_wconf 76' lang='grc' dir='ltr'>οἰ</span> <span class='ocrx_word' id='word_1_73' title='bbox 1201 1387 1245 1434; x_wconf 89' lang='lat' dir='ltr'>the</span> <span class='ocrx_word' id='word_1_74' title='bbox 1256 1386 1343 1435; x_wconf 85' lang='lat' dir='ltr'>abbot.</span> 
     </span>
     <span class='ocr_line' id='line_1_9' title="bbox 406 1461 1342 1522; baseline 0.002 -12"><span class='ocrx_word' id='word_1_75' title='bbox 406 1461 461 1510; x_wconf 80' lang='lat' dir='ltr'>Tbe</span> <span class='ocrx_word' id='word_1_76' title='bbox 472 1462 559 1519; x_wconf 85' lang='lat' dir='ltr'>abbot,</span> <span class='ocrx_word' id='word_1_77' title='bbox 572 1461 699 1520; x_wconf 81' lang='lat' dir='ltr'>however,</span> <span class='ocrx_word' id='word_1_78' title='bbox 711 1461 846 1510; x_wconf 87' lang='lat' dir='ltr'>institutes</span> <span class='ocrx_word' id='word_1_79' title='bbox 857 1463 1059 1522; x_wconf 78' lang='lat' dir='ltr'>nocenter-suit,</span> <span class='ocrx_word' id='word_1_80' title='bbox 1069 1463 1121 1511; x_wconf 85' lang='lat' dir='ltr'>and</span> <span class='ocrx_word' id='word_1_81' title='bbox 1132 1463 1254 1512; x_wconf 86' lang='lat' dir='ltr'>succeeds</span> <span class='ocrx_word' id='word_1_82' title='bbox 1265 1463 1293 1511; x_wconf 87' lang='lat' dir='ltr'>in</span> <span class='ocrx_word' id='word_1_83' title='bbox 1303 1477 1342 1512; x_wconf 87' lang='lat' dir='ltr'>re-</span> 
     </span>
     <span class='ocr_line' id='line_1_10' title="bbox 406 1536 822 1602; baseline -0.002 -15"><span class='ocrx_word' id='word_1_84' title='bbox 406 1539 513 1602; x_wconf 77' lang='lat' dir='ltr'>guining</span> <span class='ocrx_word' id='word_1_85' title='bbox 524 1539 672 1601; x_wconf 81' lang='lat' dir='ltr'>possession</span> <span class='ocrx_word' id='word_1_86' title='bbox 684 1537 715 1586; x_wconf 83' lang='lat' dir='ltr'>ot&#39;</span> <span class='ocrx_word' id='word_1_87' title='bbox 728 1536 822 1602; x_wconf 80' lang='lat' dir='ltr'>them]</span> 
     </span>
    </p>
   </div>
   <div class='ocr_carea' id='block_1_4' title="bbox 335 1689 1342 4100">
    <p class='ocr_par' dir='ltr' id='par_1_4' title="bbox 335 1689 1342 4100">
     <span class='ocr_line' id='line_1_11' title="bbox 343 1689 1341 1774; baseline -0.001 -19"><span class='ocrx_word' id='word_1_88' title='bbox 343 1692 410 1756; x_wconf 82' lang='lat' dir='ltr'>Hic</span> <span class='ocrx_word' id='word_1_89' title='bbox 436 1691 623 1774; x_wconf 81' lang='lat' dir='ltr'>[Walterus]</span> <span class='ocrx_word' id='word_1_90' title='bbox 650 1714 722 1756; x_wconf 87' lang='lat' dir='ltr'>vero</span> <span class='ocrx_word' id='word_1_91' title='bbox 745 1692 842 1757; x_wconf 88' lang='lat' dir='ltr'>abbas</span> <span class='ocrx_word' id='word_1_92' title='bbox 862 1693 1001 1768; x_wconf 89' lang='lat' dir='ltr'>effectus,</span> <span class='ocrx_word' id='word_1_93' title='bbox 1026 1714 1153 1756; x_wconf 89' lang='lat' dir='ltr'>omnem</span> <span class='ocrx_word' id='word_1_94' title='bbox 1179 1689 1341 1756; x_wconf 83' lang='lat' dir='ltr'><strong>abbatiam</strong></span> 
     </span>
     <span class='ocr_line' id='line_1_12' title="bbox 339 1802 1342 1888; baseline -0.001 -22"><span class='ocrx_word' id='word_1_95' title='bbox 339 1803 421 1867; x_wconf 87' lang='lat' dir='ltr'>hane</span> <span class='ocrx_word' id='word_1_96' title='bbox 434 1802 527 1867; x_wconf 85' lang='lat' dir='ltr'>sicuti</span> <span class='ocrx_word' id='word_1_97' title='bbox 543 1809 719 1868; x_wconf 74' lang='lat' dir='ltr'>antecessor</span> <span class='ocrx_word' id='word_1_98' title='bbox 734 1826 810 1867; x_wconf 86' lang='lat' dir='ltr'>suus</span> <span class='ocrx_word' id='word_1_99' title='bbox 824 1803 961 1868; x_wconf 85' lang='lat' dir='ltr'>habebat</span> <span class='ocrx_word' id='word_1_100' title='bbox 976 1804 1126 1887; x_wconf 73' lang='lat' dir='ltr'>suscepit.</span> <span class='ocrx_word' id='word_1_101' title='bbox 1175 1803 1238 1867; x_wconf 85' lang='lat' dir='ltr'>Sed</span> <span class='ocrx_word' id='word_1_102' title='bbox 1266 1803 1342 1888; x_wconf 85' lang='lat' dir='ltr'>quia</span> 
     </span>
     <span class='ocr_line' id='line_1_13' title="bbox 340 1912 1342 1998; baseline -0.001 -21"><span class='ocrx_word' id='word_1_103' title='bbox 340 1912 1342 1998; x_wconf 73' lang='lat' dir='ltr'>tunctemporisjuveuiseratatate,minussaeculariprudentia</span> 
     </span>
     <span class='ocr_line' id='line_1_14' title="bbox 338 2024 1342 2109; baseline -0.002 -21"><span class='ocrx_word' id='word_1_104' title='bbox 338 2024 489 2108; x_wconf 73' lang='lat' dir='ltr'>preditus</span> <span class='ocrx_word' id='word_1_105' title='bbox 514 2047 611 2109; x_wconf 87' lang='lat' dir='ltr'>quam</span> <span class='ocrx_word' id='word_1_106' title='bbox 637 2031 805 2108; x_wconf 84' lang='lat' dir='ltr'>oporteret,</span> <span class='ocrx_word' id='word_1_107' title='bbox 830 2047 962 2109; x_wconf 89' lang='lat' dir='ltr'>sequens</span> <span class='ocrx_word' id='word_1_108' title='bbox 987 2024 1118 2089; x_wconf 86' lang='lat' dir='ltr'>consilia</span> <span class='ocrx_word' id='word_1_109' title='bbox 1144 2024 1342 2109; x_wconf 90' lang='lat' dir='ltr'>quorundam</span> 
     </span>
     <span class='ocr_line' id='line_1_15' title="bbox 335 2134 1340 2219; baseline 0 -21"><span class='ocrx_word' id='word_1_110' title='bbox 335 2136 488 2218; x_wconf 88' lang='lat' dir='ltr'>juvenum</span> <span class='ocrx_word' id='word_1_111' title='bbox 526 2141 692 2219; x_wconf 82' lang='lat' dir='ltr'>parentum</span> <span class='ocrx_word' id='word_1_112' title='bbox 727 2157 856 2199; x_wconf 89' lang='lat' dir='ltr'>suorum</span> <span class='ocrx_word' id='word_1_113' title='bbox 893 2134 933 2198; x_wconf 86' lang='lat' dir='ltr'>ad</span> <span class='ocrx_word' id='word_1_114' title='bbox 969 2136 1147 2199; x_wconf 82' lang='lat' dir='ltr'>maximum</span> <span class='ocrx_word' id='word_1_115' title='bbox 1185 2135 1340 2199; x_wconf 89' lang='lat' dir='ltr'>damnum</span> 
     </span>
     <span class='ocr_line' id='line_1_16' title="bbox 339 2245 1342 2330; baseline -0.002 -20"><span class='ocrx_word' id='word_1_116' title='bbox 339 2246 487 2324; x_wconf 76' lang='lat' dir='ltr'>ecclesie,</span> <span class='ocrx_word' id='word_1_117' title='bbox 503 2245 607 2310; x_wconf 85' lang='lat' dir='ltr'>noluit</span> <span class='ocrx_word' id='word_1_118' title='bbox 620 2245 805 2330; x_wconf 82' lang='lat' dir='ltr'>homagium</span> <span class='ocrx_word' id='word_1_119' title='bbox 830 2268 849 2310; x_wconf 86' lang='lat' dir='ltr'>a</span> <span class='ocrx_word' id='word_1_120' title='bbox 872 2245 1020 2330; x_wconf 89' lang='lat' dir='ltr'>pluribus</span> <span class='ocrx_word' id='word_1_121' title='bbox 1045 2246 1135 2310; x_wconf 90' lang='lat' dir='ltr'>bonis</span> <span class='ocrx_word' id='word_1_122' title='bbox 1160 2245 1342 2310; x_wconf 87' lang='lat' dir='ltr'>homiuibus</span> 
     </span>
     <span class='ocr_line' id='line_1_17' title="bbox 339 2356 1339 2443; baseline -0.001 -23"><span class='ocrx_word' id='word_1_123' title='bbox 339 2380 417 2443; x_wconf 91' lang='lat' dir='ltr'>quos</span> <span class='ocrx_word' id='word_1_124' title='bbox 433 2357 639 2442; x_wconf 81' lang='lat' dir='ltr'>praedecessor</span> <span class='ocrx_word' id='word_1_125' title='bbox 653 2380 731 2422; x_wconf 88' lang='lat' dir='ltr'>suus</span> <span class='ocrx_word' id='word_1_126' title='bbox 745 2357 898 2422; x_wconf 76' lang='lat' dir='ltr'>habuerat</span> <span class='ocrx_word' id='word_1_127' title='bbox 913 2357 1079 2440; x_wconf 86' lang='lat' dir='ltr'>suscipere,</span> <span class='ocrx_word' id='word_1_128' title='bbox 1090 2379 1125 2422; x_wconf 90' lang='lat' dir='ltr'>eo</span> <span class='ocrx_word' id='word_1_129' title='bbox 1138 2356 1222 2441; x_wconf 92' lang='lat' dir='ltr'>quod</span> <span class='ocrx_word' id='word_1_130' title='bbox 1238 2363 1339 2421; x_wconf 85' lang='lat' dir='ltr'>terras</span> 
     </span>
     <span class='ocr_line' id='line_1_18' title="bbox 338 2467 1337 2554; baseline -0.001 -23"><span class='ocrx_word' id='word_1_131' title='bbox 338 2469 480 2533; x_wconf 88' lang='lat' dir='ltr'>omnium</span> <span class='ocrx_word' id='word_1_132' title='bbox 496 2469 522 2534; x_wconf 89' lang='lat' dir='ltr'>si</span> <span class='ocrx_word' id='word_1_133' title='bbox 538 2475 643 2554; x_wconf 81' lang='lat' dir='ltr'>posset</span> <span class='ocrx_word' id='word_1_134' title='bbox 657 2468 797 2534; x_wconf 86' lang='lat' dir='ltr'>decrevit</span> <span class='ocrx_word' id='word_1_135' title='bbox 811 2468 941 2534; x_wconf 84' lang='lat' dir='ltr'>auferre.</span> <span class='ocrx_word' id='word_1_136' title='bbox 988 2469 1062 2534; x_wconf 77' lang='lat' dir='ltr'>Qua</span> <span class='ocrx_word' id='word_1_137' title='bbox 1075 2467 1113 2532; x_wconf 89' lang='lat' dir='ltr'>ds</span> <span class='ocrx_word' id='word_1_138' title='bbox 1140 2490 1173 2531; x_wconf 90' lang='lat' dir='ltr'>re</span> <span class='ocrx_word' id='word_1_139' title='bbox 1200 2468 1233 2530; x_wconf 86' lang='lat' dir='ltr'>in</span> <span class='ocrx_word' id='word_1_140' title='bbox 1258 2467 1337 2531; x_wconf 84' lang='lat' dir='ltr'>irem</span> 
     </span>
     <span class='ocr_line' id='line_1_19' title="bbox 337 2577 1340 2661; baseline -0.002 -18"><span class='ocrx_word' id='word_1_141' title='bbox 337 2579 491 2643; x_wconf 90' lang='lat' dir='ltr'>etodium</span> <span class='ocrx_word' id='word_1_142' title='bbox 506 2585 617 2644; x_wconf 84' lang='lat' dir='ltr'>contra</span> <span class='ocrx_word' id='word_1_143' title='bbox 630 2602 703 2644; x_wconf 92' lang='lat' dir='ltr'>eum</span> <span class='ocrx_word' id='word_1_144' title='bbox 718 2579 870 2657; x_wconf 84' lang='lat' dir='ltr'>conversi,</span> <span class='ocrx_word' id='word_1_145' title='bbox 886 2579 926 2644; x_wconf 85' lang='lat' dir='ltr'>sd</span> <span class='ocrx_word' id='word_1_146' title='bbox 942 2577 1086 2642; x_wconf 90' lang='lat' dir='ltr'>Odonem</span> <span class='ocrx_word' id='word_1_147' title='bbox 1101 2577 1233 2642; x_wconf 85' lang='lat' dir='ltr'>fratrem</span> <span class='ocrx_word' id='word_1_148' title='bbox 1244 2578 1340 2661; x_wconf 86' lang='lat' dir='ltr'>regis,</span> 
     </span>
     <span class='ocr_line' id='line_1_20' title="bbox 339 2687 1340 2774; baseline 0 -23"><span class='ocrx_word' id='word_1_149' title='bbox 339 2687 519 2754; x_wconf 87' lang='lat' dir='ltr'>Baiocensis</span> <span class='ocrx_word' id='word_1_150' title='bbox 544 2689 682 2755; x_wconf 84' lang='lat' dir='ltr'>ecclesiae</span> <span class='ocrx_word' id='word_1_151' title='bbox 708 2689 899 2774; x_wconf 86' lang='lat' dir='ltr'>episcopum,</span> <span class='ocrx_word' id='word_1_152' title='bbox 921 2689 977 2774; x_wconf 88' lang='lat' dir='ltr'>qui</span> <span class='ocrx_word' id='word_1_153' title='bbox 1004 2696 1080 2752; x_wconf 87' lang='lat' dir='ltr'>tunc</span> <span class='ocrx_word' id='word_1_154' title='bbox 1107 2688 1260 2772; x_wconf 87' lang='lat' dir='ltr'>temporis</span> <span class='ocrx_word' id='word_1_155' title='bbox 1281 2688 1340 2753; x_wconf 90' lang='lat' dir='ltr'>sub</span> 
     </span>
     <span class='ocr_line' id='line_1_21' title="bbox 338 2799 1339 2885; baseline 0 -22"><span class='ocrx_word' id='word_1_156' title='bbox 338 2799 1339 2885; x_wconf 81' lang='lat' dir='ltr'>regequasiquidamtyrannuspraefuithuicpatriae,misemnt,</span> 
     </span>
     <span class='ocr_line' id='line_1_22' title="bbox 338 2909 1341 2996; baseline 0.003 -24"><span class='ocrx_word' id='word_1_157' title='bbox 338 2909 417 2972; x_wconf 82' lang='lat' dir='ltr'>falsa</span> <span class='ocrx_word' id='word_1_158' title='bbox 452 2910 646 2978; x_wconf 79' lang='lat' dir='ltr'>accusatione</span> <span class='ocrx_word' id='word_1_159' title='bbox 684 2910 825 2975; x_wconf 87' lang='lat' dir='ltr'>dicentes</span> <span class='ocrx_word' id='word_1_160' title='bbox 858 2910 1006 2975; x_wconf 81' lang='lat' dir='ltr'>abbatem</span> <span class='ocrx_word' id='word_1_161' title='bbox 1045 2911 1260 2996; x_wconf 83' lang='lat' dir='ltr'>Ageluuium¹</span> <span class='ocrx_word' id='word_1_162' title='bbox 1286 2933 1341 2994; x_wconf 91' lang='lat' dir='ltr'>per</span> 
     </span>
     <span class='ocr_line' id='line_1_23' title="bbox 337 3019 1338 3106; baseline 0.002 -24"><span class='ocrx_word' id='word_1_163' title='bbox 337 3019 568 3099; x_wconf 79' lang='lat' dir='ltr'>tortitudinem,</span> <span class='ocrx_word' id='word_1_164' title='bbox 583 3042 647 3083; x_wconf 91' lang='lat' dir='ltr'>non</span> <span class='ocrx_word' id='word_1_165' title='bbox 670 3027 754 3086; x_wconf 87' lang='lat' dir='ltr'>recto</span> <span class='ocrx_word' id='word_1_166' title='bbox 774 3021 857 3104; x_wconf 89' lang='lat' dir='ltr'>jure,</span> <span class='ocrx_word' id='word_1_167' title='bbox 873 3027 979 3086; x_wconf 83' lang='lat' dir='ltr'>tantas</span> <span class='ocrx_word' id='word_1_168' title='bbox 1001 3027 1100 3086; x_wconf 84' lang='lat' dir='ltr'>terras</span> <span class='ocrx_word' id='word_1_169' title='bbox 1127 3021 1338 3106; x_wconf 85' lang='lat' dir='ltr'>acquisivisse.</span> 
     </span>
     <span class='ocr_line' id='line_1_24' title="bbox 340 3129 1339 3215; baseline -0.002 -19"><span class='ocrx_word' id='word_1_170' title='bbox 340 3131 541 3214; x_wconf 78' lang='lat' dir='ltr'>Quapropter</span> <span class='ocrx_word' id='word_1_171' title='bbox 579 3129 694 3214; x_wconf 69' lang='lat' dir='ltr'>praesul</span> <span class='ocrx_word' id='word_1_172' title='bbox 731 3131 889 3215; x_wconf 74' lang='lat' dir='ltr'>prefatus,</span> <span class='ocrx_word' id='word_1_173' title='bbox 928 3132 1134 3197; x_wconf 83' lang='lat' dir='ltr'>nefandorum</span> <span class='ocrx_word' id='word_1_174' title='bbox 1172 3132 1339 3197; x_wconf 91' lang='lat' dir='ltr'>hominum</span> 
     </span>
     <span class='ocr_line' id='line_1_25' title="bbox 338 3239 1340 3326; baseline 0.002 -22"><span class='ocrx_word' id='word_1_175' title='bbox 338 3240 468 3304; x_wconf 88' lang='lat' dir='ltr'>consilio</span> <span class='ocrx_word' id='word_1_176' title='bbox 496 3239 695 3324; x_wconf 85' lang='lat' dir='ltr'>depravatus,</span> <span class='ocrx_word' id='word_1_177' title='bbox 725 3241 900 3326; x_wconf 86' lang='lat' dir='ltr'>cupiditate</span> <span class='ocrx_word' id='word_1_178' title='bbox 929 3242 1027 3306; x_wconf 89' lang='lat' dir='ltr'>etiam</span> <span class='ocrx_word' id='word_1_179' title='bbox 1056 3242 1256 3326; x_wconf 87' lang='lat' dir='ltr'>iniquissima</span> <span class='ocrx_word' id='word_1_180' title='bbox 1291 3266 1340 3308; x_wconf 89' lang='lat' dir='ltr'>res</span> 
     </span>
     <span class='ocr_line' id='line_1_26' title="bbox 337 3349 1340 3436; baseline 0.001 -21"><span class='ocrx_word' id='word_1_181' title='bbox 337 3349 471 3415; x_wconf 75' lang='lat' dir='ltr'>ecclesie</span> <span class='ocrx_word' id='word_1_182' title='bbox 497 3350 634 3416; x_wconf 80' lang='lat' dir='ltr'>habendi</span> <span class='ocrx_word' id='word_1_183' title='bbox 657 3351 792 3414; x_wconf 90' lang='lat' dir='ltr'>nimium</span> <span class='ocrx_word' id='word_1_184' title='bbox 819 3351 954 3430; x_wconf 88' lang='lat' dir='ltr'>illectus,</span> <span class='ocrx_word' id='word_1_185' title='bbox 971 3374 1079 3436; x_wconf 84' lang='lat' dir='ltr'>regem</span> <span class='ocrx_word' id='word_1_186' title='bbox 1105 3354 1235 3417; x_wconf 84' lang='lat' dir='ltr'>fratrem</span> <span class='ocrx_word' id='word_1_187' title='bbox 1251 3353 1340 3425; x_wconf 83' lang='lat' dir='ltr'>adiit,</span> 
     </span>
     <span class='ocr_line' id='line_1_27' title="bbox 338 3461 1341 3547; baseline 0.001 -22"><span class='ocrx_word' id='word_1_188' title='bbox 338 3467 371 3525; x_wconf 88' lang='lat' dir='ltr'>et</span> <span class='ocrx_word' id='word_1_189' title='bbox 396 3467 463 3524; x_wconf 89' lang='lat' dir='ltr'>tam</span> <span class='ocrx_word' id='word_1_190' title='bbox 487 3461 620 3544; x_wconf 84' lang='lat' dir='ltr'>pecunia</span> <span class='ocrx_word' id='word_1_191' title='bbox 641 3483 739 3546; x_wconf 87' lang='lat' dir='ltr'>quam</span> <span class='ocrx_word' id='word_1_192' title='bbox 766 3461 883 3547; x_wconf 88' lang='lat' dir='ltr'>iniquis</span> <span class='ocrx_word' id='word_1_193' title='bbox 898 3462 963 3526; x_wconf 86' lang='lat' dir='ltr'>suis</span> <span class='ocrx_word' id='word_1_194' title='bbox 978 3463 1227 3530; x_wconf 79' lang='lat' dir='ltr'>accusationibus</span> <span class='ocrx_word' id='word_1_195' title='bbox 1242 3469 1341 3527; x_wconf 86' lang='lat' dir='ltr'>terras</span> 
     </span>
     <span class='ocr_line' id='line_1_28' title="bbox 337 3571 1341 3664; baseline 0.001 -28"><span class='ocrx_word' id='word_1_196' title='bbox 337 3572 440 3636; x_wconf 85' lang='lat' dir='ltr'>sancti</span> <span class='ocrx_word' id='word_1_197' title='bbox 469 3572 654 3638; x_wconf 83' lang='lat' dir='ltr'>monasterii</span> <span class='ocrx_word' id='word_1_198' title='bbox 683 3571 782 3655; x_wconf 83' lang='lat' dir='ltr'>hujus</span> <span class='ocrx_word' id='word_1_199' title='bbox 807 3571 868 3636; x_wconf 84' lang='lat' dir='ltr'>sibi</span> <span class='ocrx_word' id='word_1_200' title='bbox 897 3571 966 3635; x_wconf 88' lang='lat' dir='ltr'>dari</span> <span class='ocrx_word' id='word_1_201' title='bbox 996 3573 1146 3664; x_wconf 58' lang='lat' dir='ltr'>obtinuit,</span> <span class='ocrx_word' id='word_1_202' title='bbox 1189 3573 1341 3638; x_wconf 88' lang='lat' dir='ltr'>Protinus</span> 
     </span>
     <span class='ocr_line' id='line_1_29' title="bbox 338 3681 1341 3769; baseline 0 -22"><span class='ocrx_word' id='word_1_203' title='bbox 338 3705 413 3767; x_wconf 81' lang='lat' dir='ltr'>ergo</span> <span class='ocrx_word' id='word_1_204' title='bbox 428 3682 517 3768; x_wconf 86' lang='lat' dir='ltr'>qussi</span> <span class='ocrx_word' id='word_1_205' title='bbox 529 3683 622 3766; x_wconf 88' lang='lat' dir='ltr'>lupus</span> <span class='ocrx_word' id='word_1_206' title='bbox 637 3704 736 3767; x_wconf 78' lang='lat' dir='ltr'>rapax</span> <span class='ocrx_word' id='word_1_207' title='bbox 750 3681 883 3746; x_wconf 89' lang='lat' dir='ltr'>concilia</span> <span class='ocrx_word' id='word_1_208' title='bbox 898 3683 1143 3766; x_wconf 83' lang='lat' dir='ltr'>malignantium</span> <span class='ocrx_word' id='word_1_209' title='bbox 1159 3685 1193 3749; x_wconf 94' lang='lat' dir='ltr'>in</span> <span class='ocrx_word' id='word_1_210' title='bbox 1207 3684 1274 3749; x_wconf 86' lang='lat' dir='ltr'>loco</span> <span class='ocrx_word' id='word_1_211' title='bbox 1285 3686 1341 3769; x_wconf 92' lang='lat' dir='ltr'>qui</span> 
     </span>
     <span class='ocr_line' id='line_1_30' title="bbox 336 3791 1341 3880; baseline 0.002 -22"><span class='ocrx_word' id='word_1_212' title='bbox 336 3793 453 3858; x_wconf 89' lang='lat' dir='ltr'>dicitur</span> <span class='ocrx_word' id='word_1_213' title='bbox 468 3792 717 3877; x_wconf 84' lang='lat' dir='ltr'>Gildenebeorge</span> <span class='ocrx_word' id='word_1_214' title='bbox 726 3791 820 3877; x_wconf 85' lang='lat' dir='ltr'>jubet</span> <span class='ocrx_word' id='word_1_215' title='bbox 835 3794 1033 3878; x_wconf 84' lang='lat' dir='ltr'>congregari,</span> <span class='ocrx_word' id='word_1_216' title='bbox 1042 3795 1184 3880; x_wconf 88' lang='lat' dir='ltr'>quinque</span> <span class='ocrx_word' id='word_1_217' title='bbox 1195 3795 1341 3860; x_wconf 86' lang='lat' dir='ltr'>videlicet</span> 
     </span>
     <span class='ocr_line' id='line_1_31' title="bbox 337 3902 1339 3990; baseline 0.002 -24"><span class='ocrx_word' id='word_1_218' title='bbox 337 3903 444 3976; x_wconf 83' lang='lat' dir='ltr'>scires,</span> <span class='ocrx_word' id='word_1_219' title='bbox 457 3902 565 3988; x_wconf 86' lang='lat' dir='ltr'>ibique</span> <span class='ocrx_word' id='word_1_220' title='bbox 591 3905 663 3988; x_wconf 91' lang='lat' dir='ltr'>plus</span> <span class='ocrx_word' id='word_1_221' title='bbox 689 3927 743 3988; x_wconf 89' lang='lat' dir='ltr'>per</span> <span class='ocrx_word' id='word_1_222' title='bbox 767 3925 857 3968; x_wconf 87' lang='lat' dir='ltr'>suam</span> <span class='ocrx_word' id='word_1_223' title='bbox 882 3904 1024 3989; x_wconf 85' lang='lat' dir='ltr'>iniquam</span> <span class='ocrx_word' id='word_1_224' title='bbox 1051 3905 1225 3990; x_wconf 87' lang='lat' dir='ltr'>potentiam</span> <span class='ocrx_word' id='word_1_225' title='bbox 1243 3927 1339 3990; x_wconf 81' lang='lat' dir='ltr'>quam</span> 
     </span>
     <span class='ocr_line' id='line_1_32' title="bbox 336 4012 1340 4100; baseline -0.001 -22"><span class='ocrx_word' id='word_1_226' title='bbox 336 4019 420 4078; x_wconf 86' lang='lat' dir='ltr'>recto</span> <span class='ocrx_word' id='word_1_227' title='bbox 439 4013 511 4096; x_wconf 82' lang='lat' dir='ltr'>jure</span> <span class='ocrx_word' id='word_1_228' title='bbox 534 4035 575 4078; x_wconf 87' lang='lat' dir='ltr'>ex</span> <span class='ocrx_word' id='word_1_229' title='bbox 591 4014 726 4098; x_wconf 85' lang='lat' dir='ltr'>triginta</span> <span class='ocrx_word' id='word_1_230' title='bbox 746 4037 801 4078; x_wconf 86' lang='lat' dir='ltr'>sex</span> <span class='ocrx_word' id='word_1_231' title='bbox 820 4015 913 4079; x_wconf 87' lang='lat' dir='ltr'>terris</span> <span class='ocrx_word' id='word_1_232' title='bbox 937 4036 1016 4100; x_wconf 88' lang='lat' dir='ltr'>quas</span> <span class='ocrx_word' id='word_1_233' title='bbox 1039 4014 1137 4078; x_wconf 83' lang='lat' dir='ltr'>ebbae</span> <span class='ocrx_word' id='word_1_234' title='bbox 1160 4012 1340 4098; x_wconf 85' lang='lat' dir='ltr'>Ageluuius</span> 
     </span>
    </p>
   </div>
   <div class='ocr_carea' id='block_1_5' title="bbox 529 4243 1155 4385">
    <p class='ocr_par' dir='ltr' id='par_1_5' title="bbox 529 4243 1155 4385">
     <span class='ocr_line' id='line_1_33' title="bbox 532 4243 1155 4312; baseline 0.01 -20"><span class='ocrx_word' id='word_1_235' title='bbox 532 4245 538 4275; x_wconf 92' lang='lat'>¹</span> <span class='ocrx_word' id='word_1_236' title='bbox 558 4243 651 4292; x_wconf 82' lang='lat' dir='ltr'>Ghron.</span> <span class='ocrx_word' id='word_1_237' title='bbox 664 4244 731 4294; x_wconf 82' lang='lat' dir='ltr'>Abb.</span> <span class='ocrx_word' id='word_1_238' title='bbox 743 4246 775 4296; x_wconf 85' lang='lat' dir='ltr'>de</span> <span class='ocrx_word' id='word_1_239' title='bbox 787 4248 924 4306; x_wconf 69' lang='lat' dir='ltr'>evesham,</span> <span class='ocrx_word' id='word_1_240' title='bbox 934 4250 967 4298; x_wconf 81' lang='lat'>96</span> <span class='ocrx_word' id='word_1_241' title='bbox 978 4249 1050 4312; x_wconf 81' lang='lat' dir='ltr'>(Boe.</span> <span class='ocrx_word' id='word_1_242' title='bbox 1063 4249 1155 4310; x_wconf 82' lang='lat' dir='ltr'>Com).</span> 
     </span>
     <span class='ocr_line' id='line_1_34' title="bbox 529 4321 862 4385; baseline 0.003 -13"><span class='ocrx_word' id='word_1_243' title='bbox 529 4321 540 4355; x_wconf 75' lang='lat'>²</span> <span class='ocrx_word' id='word_1_244' title='bbox 560 4321 678 4372; x_wconf 83' lang='lat' dir='ltr'>Wolter&#39;s</span> <span class='ocrx_word' id='word_1_245' title='bbox 689 4324 862 4385; x_wconf 74' lang='lat' dir='ltr'>prodecessor.</span> 
     </span>
    </p>
   </div>
   <div class='ocr_carea' id='block_1_6' title="bbox 0 0 1644 5132">
    <p class='ocr_par' dir='ltr' id='par_1_6' title="bbox 0 0 1644 5132">
     <span class='ocr_line' id='line_1_35' title="bbox 0 0 1644 5132; baseline 0 1"><span class='ocrx_word' id='word_1_246' title='bbox 0 0 1644 5132; x_wconf 95' lang='lat' dir='ltr'> </span> 
     </span>
    </p>
   </div>
  </div>
 </body>
</html>
