3286 5142
337 561 400 625 184
582 581 715 626 rancus
738 581 1084 626 sueno-nonnannrca

334 738 368 797 et
396 732 486 798 vobis
514 732 752 798 denunciaverit
781 733 915 798 firmiter
947 755 1001 818 per
1030 741 1149 799 vestras
1179 733 1335 817 dyoeoeses

334 843 491 908 observari
502 843 689 929 precipiatis
700 865 860 929 quousque
870 843 1041 929 resipiscat,
1054 849 1087 910 et
1097 843 1203 908 ablata
1211 842 1335 928 integre

335 953 380 1020 eis
395 953 555 1020 restituat.

338 1089 451 1154 [Record
467 1089 497 1139 oi
504 1088 645 1154 judgmcnt
660 1091 765 1154 against
776 1091 857 1152 Pioot,
869 1091 976 1152 saleru,
988 1090 1112 1141 induotsd
1126 1091 1182 1140 into
1195 1091 1234 1140 St.
1248 1088 1334 1138 Gund·
1370 1147 1374 1158 ¹

400 1170 443 1232 lay
454 1170 610 1234 apparently
620 1169 657 1234 by
667 1170 722 1218 carl
732 1169 845 1220 william
852 1191 860 1230 3
878 1169 1164 1234 trialbeforeasynod
1180 1184 1215 1218 on
1229 1168 1292 1218 cath
1308 1166 1338 1216 οἰ

398 1245 556 1313 witnesses]

378 1361 560 1427 Venerabili
574 1361 701 1428 domino
716 1363 798 1446 patri
814 1385 870 1428 suo
892 1363 1051 1428 caussimo
1067 1362 1256 1440 Theobaldo,
1273 1360 1334 1425 Dei

336 1474 441 1559 gratia
456 1473 677 1539 cantuariensi
694 1474 937 1560 archiepiscopo,
953 1475 1135 1560 Anglorum
1150 1472 1282 1560 primati
1301 1480 1335 1536 et

335 1584 525 1670 Apostolicae
541 1583 630 1650 Sedis
639 1585 755 1668 legato,
770 1585 955 1664 Nicholaus,
971 1585 1186 1650 Laudavensis
1201 1583 1335 1648 ecclesias

336 1696 480 1760 minister
494 1695 773 1774 bumilis‚salutem
788 1700 820 1760 et
832 1695 979 1762 devotam
994 1695 1215 1761 obedientiam.
1246 1694 1334 1759 Cele-

335 1808 427 1872 brata
451 1806 570 1891 synodo
594 1805 677 1891 apud
702 1806 842 1892 Kayrdif
859 1809 955 1892 juxta
980 1801 1163 1872 mandatum
1183 1813 1335 1884 vestrum,

335 1917 454 1984 delecte
475 1923 575 2002 pater,
590 1940 659 2000 quae
676 1939 731 2001 per
752 1917 900 1982 abbatem
924 1917 1126 1983 Gloucestriae
1143 1918 1261 1983 ibidem
1283 1939 1334 1981 ac-

335 2029 485 2113 cepimus,
508 2027 679 2113 diligenter
700 2027 926 2112 inquisivimus
954 2029 1122 2093 veritatem
1143 2051 1244 2093 causa
1266 2051 1335 2114 quae

335 2139 419 2204 inter
443 2139 548 2223 ipsum
571 2138 718 2202 abbatem
745 2144 778 2203 et
801 2138 946 2205 Picotum
974 2139 1121 2204 clericum
1152 2139 1335 2224 agitabatur

335 2273 429 2334 super
443 2248 570 2314 ecclesia
586 2248 695 2313 Sancti
710 2248 848 2314 Gundlei
858 2248 897 2313 de
907 2250 1001 2314 Novo
1011 2250 1140 2334 Burgo;
1163 2254 1196 2314 et
1206 2249 1335 2314 tandem

335 2361 453 2448 judicio
469 2360 583 2446 synodi
606 2360 749 2425 mandati
771 2360 869 2426 vestri
895 2361 1029 2425 formam
1053 2365 1178 2439 secuta,
1200 2361 1335 2444 acceptis

335 2473 423 2559 prius
437 2471 655 2556 legitimorum
666 2471 797 2536 testium
815 2471 1006 2556 juramentis
1027 2477 1096 2535 tam
1119 2493 1211 2554 super
1226 2493 1335 2535 mona-

335 2585 431 2649 chatu
455 2583 558 2648 Picoti
580 2605 676 2668 quam
699 2605 794 2667 super
814 2581 1007 2666 possessione
1028 2581 1162 2661 abbatis,
1185 2582 1335 2647 Glauces-

335 2703 472 2760 trensem
507 2693 669 2760 ecclesiam
699 2693 734 2758 in
772 2691 1000 2778 possessionem
1036 2693 1173 2777 praefatae
1202 2691 1336 2757 ecclesia

336 2805 447 2872 Sancti
463 2805 602 2871 Gundlei
617 2828 680 2889 qua
690 2804 795 2869 fuerat
809 2803 927 2888 absque
940 2802 1048 2867 ordine
1058 2801 1224 2887 judiciario
1239 2801 1335 2867 desti·
1396 2867 1404 2877 ,

335 2923 417 2996 tuta,
433 2915 625 2981 reduximus.
671 2915 715 2978 Et
732 2913 881 2999 quoniam
904 2913 1035 2977 eandem
1049 2912 1210 2976 eeclesiam
1226 2913 1265 2976 ad
1281 2913 1335 2996 jus

338 3025 588 3092 Gloncestrensis
596 3023 994 3109 ecelesiaepertineretotius
1003 3023 1115 3110 ynodi
1125 3023 1335 3088 recordatione
1417 3079 1418 3088 ,

336 3135 552 3222 cognovimus,
575 3134 818 3219 supplicandum
842 3134 993 3199 duximus
1014 3133 1204 3219 paternitati
1224 3138 1335 3200 vestra

336 3254 384 3327 nt,
409 3245 595 3310 confirmato
619 3245 703 3330 quod
733 3267 752 3310 a
777 3244 869 3310 nobis
894 3251 1001 3310 actum
1030 3251 1089 3324 est,
1111 3245 1159 3310 ita
1182 3245 1335 3329 praedictae

335 3356 470 3424 ecclesia
495 3355 628 3421 foveatis
653 3355 824 3440 justitiam,
848 3378 887 3420 ne
910 3355 1013 3422 denuo
1035 3355 1118 3440 quod
1139 3356 1259 3442 injuste
1279 3358 1335 3422 diu

335 3489 427 3554 passa
441 3471 489 3532 est
504 3465 733 3532 detrimentum
749 3467 900 3532 incurrat.
945 3467 1099 3546 Valeatis,
1115 3471 1186 3532 etc.¹

337 3613 504 3680 [Theobald’s
515 3615 576 3664 vrit
587 3614 616 3664 of
631 3615 811 3664 confirmation
822 3615 852 3663 οἰ
864 3615 909 3664 the
922 3615 1069 3678 jndgment,
1081 3615 1146 3664 with
1162 3615 1290 3666 dimotion
1307 3621 1336 3666 to

384 3698 476 3747 induet
487 3697 532 3746 the
541 3698 621 3748 abbot
632 3697 662 3746 of
670 3696 825 3746 Gloncestsr
835 3697 893 3744 into
903 3696 949 3746 tbe
960 3697 1057 3747 ohuroh
1067 3697 1096 3746 of
1107 3697 1146 3746 St.
1159 3697 1301 3763 Gundley.]

378 3814 583 3893 Theobaldus,
608 3815 669 3880 Dei
693 3815 797 3900 gratia
819 3815 1056 3880 Cantuariensis
1078 3815 1352 3900 archiepiscopus‚'

336 3927 516 4011 Anglorum
532 3928 658 4011 primas,
667 3934 701 3992 et
714 3928 906 4012 Apostolicae
923 3927 1011 3992 Sedis
1020 3928 1155 4014 legatus,
1165 3930 1337 3994 venerabili

335 4037 424 4102 fratri
454 4043 487 4103 et
515 4037 615 4103 amico
644 4038 809 4119 Niebolao,
840 4038 1039 4104 Landavcnsi
1069 4041 1220 4125 episeopo,
1250 4039 1333 4104 salu·

335 4154 411 4214 tem.
458 4149 646 4235 Accepimus
669 4173 708 4216 ex
728 4157 834 4216 tenore
855 4150 1033 4216 litterarum
1054 4157 1228 4218 vestrarum
1252 4150 1335 4236 quod

797 4311 806 4348 ¹
826 4312 877 4362 Sic.
