3280 5132
363 623 404 686 38
613 640 746 685 annena
769 637 1120 684 annno-uonnarnuce.

364 793 403 858 de
412 817 485 879 rege
496 791 636 859 tenebat.
664 793 712 856 De
723 792 811 856 exitu
820 815 908 878 aquae
918 790 973 855 ubi
983 813 1078 856 naves
1090 789 1301 875 applicabant,
1311 812 1366 854 rex

364 904 501 970 habebat
516 906 564 969 II.
580 909 696 989 partae,
713 903 887 968 Godwinus
901 925 1005 968 eomes
1020 904 1160 966 terciam.
1195 903 1366 967 'testantur

365 1039 438 1081 vero
447 1015 591 1081 homines
603 1015 640 1079 de
649 1014 811 1079 hundredo
821 1013 935 1078 Franci
948 1018 981 1078 et
990 1013 1100 1098 Angli,
1110 1013 1192 1098 qnod
1202 1013 1366 1098 episeopus

365 1126 545 1191 Baioeensis
556 1125 656 1210 [Odo]
667 1148 740 1190 eum
749 1123 1096 1189 Rannuit'ovieeeomite
1105 1123 1143 1188 de
1154 1125 1203 1188 his
1212 1123 1365 1208 placitum

364 1237 483 1315 inierit,
494 1237 547 1300 sed
562 1235 615 1300 ilie
630 1235 814 1320 intelligens
828 1235 980 1320 placitum
997 1257 1059 1298 non
1076 1234 1147 1299 duci
1164 1257 1219 1319 per
1234 1235 1364 1299 reatitu-

363 1327 470 1411 dinem
486 1347 526 1411 ad
540 1346 713 1430 proficuum
729 1345 823 1430 regis,
835 1346 987 1430 placitum
1003 1345 1149 1412 deseruit.
1191 1345 1365 1430 Episcopus

364 1464 471 1523 autem
501 1457 588 1522 dedit
617 1457 786 1521 aeclesiam
815 1463 849 1522 et
874 1457 1006 1521 ductum
1035 1457 1173 1540 primum
1200 1455 1365 1536 adeloldo,

364 1567 476 1632 deinde
492 1567 630 1632 Radulfo
645 1590 701 1652 pro
716 1567 877 1632 excambio
899 1567 994 1632 unius
1017 1567 1137 1632 domus.
1182 1567 1366 1634 Vieeeomes

364 1699 489 1762 quoque
504 1681 602 1760 negat
621 1698 653 1740 se
671 1681 854 1760 preceptum
871 1675 921 1741 vel
948 1675 1090 1760 sigillum
1106 1676 1190 1760 regis
1206 1675 1317 1741 dehac
1333 1699 1365 1740 re

365 1810 504 1871 unquam
531 1786 713 1871 percepisse.
759 1787 914 1852 Homines
939 1787 978 1851 de
1006 1787 1187 1851 Suduuerea
1206 1793 1366 1851 testantur

364 1898 448 1983 quod
463 1903 603 1980 tempore
618 1897 702 1981 regis
717 1897 866 1962 Edwardi
882 1897 987 1962 nullus
1014 1899 1158 1983 capiebat
1182 1897 1364 1963 theloneum

364 2009 398 2073 in
423 2008 549 2072 strande
573 2007 621 2072 vel
645 2007 680 2072 in
700 2006 769 2072 vieo
790 2029 888 2092 aquae,
903 2007 965 2072 nisi
989 2031 1052 2072 rex.
1098 2009 1143 2072 Et
1158 2007 1256 2093 siquis
1275 2007 1363 2072 foris·

365 2119 481 2184 iaciens
511 2119 555 2183 ibi
585 2119 817 2204 calumpniatur
846 2121 968 2199 fuisset,
991 2119 1060 2205 regi
1085 2119 1283 2185 emendabat·
1330 2120 1365 2184 Si

355 2253 437 2304 ¹vero
453 2254 516 2296 non
531 2231 763 2316 calumpniatur
777 2231 893 2322 abisset
907 2232 965 2296 sub
980 2255 1017 2296 eo
1026 2232 1080 2316 qui
1096 2255 1197 2297 sacam
1214 2237 1247 2296 et
1262 2253 1364 2297 socam

364 2341 535 2421 habuisset,
550 2341 603 2406 ille
618 2342 870 2407 emendationem
884 2342 1000 2408 habet.¹

419 2829 546 2910 [Lamus
569 2851 608 2894 or
634 2833 736 2895 Hunu
759 2851 800 2894 un
824 2833 920 2896 Poar.
967 2825 1076 2897 Pnoor
1098 2853 1139 2896 ar
1163 2833 1256 2896 Onru
1278 2850 1322 2895 on

704 2943 840 3006 Oanunu
861 2946 1027 3026 ormana]

409 3100 510 3163 Istam
539 3105 656 3165 terram
686 3101 899 3167 calumniatur
928 3103 1110 3168 WiHelmus
1147 3104 1186 3170 de
1215 3103 1365 3182 Chernet,

365 3208 471 3274 dicens
496 3212 651 3294 pertinere
683 3212 723 3276 ad
758 3213 931 3278 manerium
956 3214 995 3279 de
1020 3215 1206 3280 Ceredeford
1236 3217 1363 3282 feudum

367 3321 516 3406 Hugonis
531 3323 569 3387 de
585 3325 671 3403 Port,
689 3347 743 3408 per
757 3324 965 3390 hereditatem
980 3326 1030 3389 eui
1053 3327 1265 3406 antecessoria
1280 3332 1313 3392 et
1327 3327 1365 3392 de

365 3432 424 3497 hoe
439 3457 531 3498 suum
547 3436 764 3500 testimonium
781 3437 913 3501 adduxit
928 3438 966 3502 de
981 3437 1163 3503 melioribus
1178 3444 1211 3503 et
1224 3440 1365 3526 antiquis

364 3544 544 3610 hominibus
560 3547 659 3612 totius
673 3548 844 3612 comitatus
859 3555 891 3612 et
907 3549 1071 3628 hundredi,
1087 3555 1120 3614 et
1136 3549 1227 3616 Pieot
1241 3560 1364 3618 eontra·

363 3655 456 3721 duxit
475 3681 567 3722 suurn
591 3659 811 3723 testimonium
831 3659 869 3724 de
893 3658 1019 3724 villanis
1042 3667 1075 3725 et
1090 3661 1146 3725 vili
1161 3661 1251 3746 plebe
1273 3669 1306 3728 et
1327 3665 1365 3730 de

362 3768 547 3854 praepositiS,
571 3771 627 3856 qui
652 3771 765 3836 volunt
790 3769 955 3836 defendere
980 3751 1036 3856 1ier
1061 3781 1292 3838 sacramentum
1308 3781 1365 3840 aut

362 3901 418 3961 per
432 3879 493 3944 Dei
508 3882 674 3964 judicium,
688 3883 772 3967 quod
786 3881 839 3947 ille
853 3880 908 3966 qui
923 3882 1028 3946 tenuit
1043 3888 1158 3947 terram
1175 3883 1253 3949 liber
1271 3886 1364 3952 homo

363 3988 427 4052 fuit
442 3996 475 4055 et
489 3992 595 4075 potuit
616 3993 660 4057 ire
683 4016 756 4057 eum
779 4000 862 4057 terra
885 4015 941 4056 sua
956 4015 1017 4077 quo
1031 3994 1142 4058 voluit.
1191 3996 1252 4061 Sed
1267 4003 1365 4061 testes

363 4098 517 4164 Wilielmi
533 4101 647 4166 nolunt
662 4103 799 4186 accipere
813 4104 915 4187 legem
932 4103 993 4167 nisi
1008 4103 1092 4188 regis
1107 4104 1254 4172 Edwardi
1268 4131 1366 4193 usque

362 4208 439 4274 dum
455 4210 630 4276 diffiniatur
644 4237 700 4299 per
710 4216 839 4299 regem-²

527 4373 535 4404 ¹
553 4375 567 4422 1
579 4374 734 4438 Doumaday‚
746 4377 785 4424 82.
1055 4377 1066 4409 ²
1083 4377 1123 4425 Ib.
1134 4378 1168 4425 44
1178 4380 1203 4427 b.
