3280 5132
344 672 385 736 90
592 688 727 735 rmcrm
751 689 1099 736 arosoaorrrsrmrcr.

430 915 556 1000 [Amor
578 935 617 980 or
639 917 817 982 Asmsoorr
838 939 867 982 o.
891 918 1066 986 Gosormrr.
1116 920 1197 984 1105
1210 919 1255 1006 ?]¹

340 1105 405 1168 [The
424 1104 510 1168 king's
532 1105 593 1153 writ
613 1104 742 1168 directing
759 1105 803 1155 the
819 1106 960 1156 defendant
978 1110 1007 1156 to
1030 1123 1076 1157 sua
1095 1109 1123 1157 in
1142 1109 1187 1158 the
1206 1108 1344 1172 plaintifl's

606 1186 682 1232 court
693 1184 720 1230 in
731 1187 833 1246 respect
843 1183 872 1232 of
881 1185 979 1234 certain
990 1184 1074 1250 lano]

342 1351 527 1429 Horremus,
551 1328 618 1414 rex.
634 1347 771 1433 Angliae,
788 1347 928 1413 Henrico
943 1348 1052 1413 comiti
1074 1348 1113 1412 de
1129 1347 1286 1414 Warewic
1309 1356 1342 1418 et

340 1460 513 1525 willielmo
550 1458 739 1537 vicecomiti,
776 1457 920 1522 salutem.
982 1459 1018 1523 Si
1054 1459 1238 1525 Goscelinus
1262 1461 1341 1547 quid

338 1571 522 1636 clamaverit
535 1571 570 1634 in
585 1577 670 1634 terra
686 1571 809 1633 Sanctae
826 1570 937 1633 Maria
958 1570 997 1634 de
1022 1569 1230 1650 Abbendona‚
1244 1593 1339 1657 quam

338 1682 433 1747 habet
448 1681 532 1766 apud
548 1679 690 1766 Hyllam,
706 1677 851 1764 praecipio
868 1685 904 1743 ut
926 1679 993 1765 ipse
1018 1680 1203 1744 Goscelinus
1229 1687 1280 1747 eat
1305 1681 1339 1746 in

338 1791 457 1857 curiam
472 1790 606 1868 abbatis,
621 1795 655 1856 et
673 1789 740 1874 ipse
762 1789 858 1854 abbas
884 1789 927 1854 sit
953 1789 998 1854 ibi
1024 1790 1052 1856 ei
1078 1791 1118 1855 ad
1143 1797 1284 1866 rectum
1307 1798 1339 1858 et

337 1902 469 1968 defendo
484 1901 543 1987 ipsi
558 1900 676 1981 abbati,
691 1901 776 1985 quod
790 1923 854 1965 non
871 1900 1056 1984 respondeat
1076 1900 1150 1966 inde
1173 1901 1339 1968 Gosoelino

337 2011 371 2076 in
397 2011 458 2077 alio
483 2012 561 2078 loco.
609 2010 755 2075 'Postibus
780 2010 942 2074 Waldrioo
965 2010 1148 2076 cancellario
1174 2017 1207 2076 et
1230 2011 1338 2077 Grim-

337 2121 429 2188 baldo
444 2121 564 2189 medico
571 2147 582 2203 3
609 2122 693 2208 apud
719 2122 1047 2202 westmonasterium,
1073 2123 1108 2186 in
1133 2123 1246 2189 Natali
1272 2124 1338 2191 Do-

336 2255 426 2300 mrm.

464 2801 619 2887 [Cnoson
642 2821 682 2866 or
704 2803 907 2866 Rooarrsrsr.
955 2799 1218 2884 1104-1107.]¹

337 2987 404 3053 [Tha
421 2987 508 3052 king's
528 2988 588 3038 vrit
606 2987 755 3052 forbidding
773 2991 908 3128 ᾞῗη
927 2985 995 3037 from
1019 2986 1116 3050 flshing
1143 2989 1172 3034 at
1198 2999 1214 3034 a
1236 2983 1337 3036 certain

771 3079 789 3126 p
849 3100 854 3112 .

337 3204 522 3284 Hararoos,
537 3225 592 3269 rex
613 3204 806 3290 Anglomm,
823 3201 976 3268 Haimoni
991 3201 1142 3287 dapifero,
1153 3207 1186 3268 et
1202 3201 1337 3286 Hugoni

335 3316 374 3380 ds
396 3315 571 3398 Bochland,
586 3316 732 3381 salutem.
778 3314 932 3380 Prohibeo
957 3337 997 3379 ne
1020 3313 1188 3398 piscatores
1213 3311 1337 3398 piscant

333 3425 367 3490 in
383 3426 606 3492 Tamisiaants
624 3427 814 3512 piscaturam
840 3426 878 3490 de
904 3426 1095 3490 Rouecestra
1119 3423 1159 3488 de
1182 3424 1335 3489 Niuuera.

333 3538 378 3602 Et
408 3537 435 3602 si
465 3537 596 3602 ulterius
625 3537 832 3602 inveniuntur
857 3535 1023 3621 piscantes
1048 3535 1115 3600 sint
1140 3533 1237 3599 michi
1260 3533 1335 3599 foris

305 3649 419 3716 :faeti
463 3650 554 3715 Teste
569 3647 730 3714 Waldrico
744 3645 927 3712 cancellario
941 3646 1027 3731 apud
1042 3646 1261 3710 Westmoster.

595 3911 603 3945 ¹
621 3913 637 3959 2
649 3911 719 3960 nist.
732 3911 801 3958 Mon,
813 3908 926 3971 Abingd.
938 3907 971 3957 93
983 3907 1054 3968 (Res.
1067 3905 1164 3971 Gom).

591 3989 602 4022 ²
619 3988 745 4037 Hsarna'a
756 3988 853 4036 Textus
866 3985 1001 4042 Roffsnsis,
1013 3982 1069 4034 171.
