3298 5162
348 581 413 641 294
759 589 932 635 umuvmx.

655 761 766 832 [Lorue
784 779 808 813 u.
827 758 943 813 Brenoe
960 755 1045 824 Onu]

383 877 498 946 Quidum
517 875 674 947 praepoeitue
692 873 763 945 regie
781 871 888 927 nomine
907 869 989 924 Lusus
1007 869 1057 924 hou
1075 865 1223 922 manerium
1240 863 1353 934 [Ferue-

348 965 434 1034 eome]
447 963 651 1034 calumpniatur,
668 967 696 1018 et
711 963 832 1016 homiues
850 958 882 1014 de
900 958 1022 1014 hundred
1036 957 1074 1012 illi
1087 954 1271 1016 testificentur,
1288 951 1353 1022 quia

349 1053 456 1108 tenebat
475 1051 542 1107 illud
563 1051 595 1106 de
617 1071 679 1124 rege
700 1049 807 1122 quando
828 1049 880 1104 fuit
901 1067 946 1102 rex
964 1047 993 1102 in
1011 1045 1110 1108 wales,
1128 1049 1155 1098 et
1173 1046 1234 1113 poet
1255 1037 1352 1100 tenuit,

349 1141 430 1194 donec
442 1139 578 1211 epiecopus
591 1139 744 1194 Baiouenvis
756 1138 784 1193 iu
797 1137 886 1192 Cheut
898 1135 1022 1208 perrexit.
1058 1134 1121 1204 Ipse
1137 1131 1274 1203 episcopus
1287 1145 1351 1181 cou-

349 1227 430 1282 verdit
442 1227 476 1282 ud
489 1226 591 1281 firmam
604 1227 637 1280 de
650 1225 757 1280 Bronlei
771 1223 962 1280 Reddesolhum
973 1227 1001 1278 et
1013 1222 1179 1276 Feruecome.
1217 1217 1258 1273 lb.
1271 1218 1305 1272 31
1319 1213 1345 1268 b.

380 1431 478 1499 [Lirin
497 1445 533 1482 ov
552 1429 651 1482 Auuor
670 1427 808 1482 Uuwouu.
845 1427 930 1482 Wurr
948 1442 986 1481 ou
1005 1425 1121 1480 Iuvvur
1140 1439 1177 1478 or
1196 1423 1320 1491 Surum]

386 1541 473 1596 Isdem
493 1539 623 1595 Rieurdue
642 1539 723 1596 habet
741 1540 790 1594 VI.
811 1539 886 1594 hidus
906 1539 933 1593 iu
953 1538 1071 1594 muuerio
1088 1537 1170 1603 Eheu,
1187 1555 1253 1609 quus
1271 1534 1354 1590 abbas

350 1627 508 1682 Wluuoldue
531 1626 687 1682 deliberavit
708 1627 732 1682 ei
753 1627 781 1680 in
802 1626 985 1682 emendatione
1005 1626 1152 1691 waletono,
1174 1625 1212 1679 eie
1233 1624 1354 1679 homines

351 1716 458 1772 Ricardi
471 1715 570 1770 dicunt.
607 1715 658 1770 Sed
677 1715 797 1772 homines
816 1715 848 1769 de
865 1713 989 1769 hundred
1006 1713 1099 1769 dicunt
1117 1733 1144 1767 se
1162 1730 1300 1784 uunquam
1313 1711 1353 1765 vi·

349 1805 419 1860 disse
437 1803 542 1859 brevem
556 1803 597 1858 vel
613 1802 778 1858 liberatorem
797 1802 868 1873 regie
885 1801 932 1873 qui
951 1819 1013 1856 eum
1031 1801 1093 1856 inde
1111 1801 1237 1856 misisset.
1274 1799 1354 1856 Hunc

349 1893 448 1945 terrum
460 1893 604 1944 tenuerunt
616 1907 711 1943 novem
723 1886 817 1958 teigui‚
830 1891 857 1940 et
874 1905 934 1940 cum
954 1905 984 1940 ea
1002 1905 1030 1940 se
1048 1890 1170 1957 poterant
1184 1889 1283 1940 vertere
1301 1902 1354 1955 quo

351 1976 483 2032 volebant.
520 1975 560 2030 Ib.
573 1977 616 2032 35.

427 2173 588 2243 [Auscumu
606 2189 624 2226 u
643 2173 783 2227 Suvvrrr.
820 2169 895 2226 Simu
914 2188 951 2226 or
970 2171 1086 2226 Iuvuuv
1104 2188 1141 2227 or
1160 2171 1283 2240 Surum]

387 2277 466 2332 Hauc
484 2281 582 2332 terrum
601 2277 696 2332 babuit
709 2277 851 2332 Auseulfus
869 2281 1008 2348 postquam
1024 2276 1120 2347 recepit
1134 2276 1355 2338 vicecomitatum,

351 2365 396 2420 eed
409 2365 529 2419 homines
548 2364 579 2418 de
597 2363 734 2419 hundredo
747 2364 840 2420 dicunt
851 2383 878 2419 se
892 2383 945 2418 uon
957 2363 1055 2419 vidisse
1069 2363 1187 2435 sigillum
1199 2383 1248 2420 nee
1259 2364 1353 2421 libera·

351 2455 443 2506 turem.
481 2451 522 2507 Ib.
537 2452 579 2505 36.

435 2653 576 2723 [Wuurmr
595 2669 634 2708 nv
653 2655 765 2708 Dowir.
802 2653 887 2708 wm
905 2669 942 2708 ov
961 2653 1076 2708 Lrvvvv
1094 2671 1132 2709 or
1151 2655 1274 2724 Surum]

390 2757 536 2813 walterius
553 2757 585 2812 de
603 2758 693 2812 Dowai
713 2759 800 2827 [tenet
819 2757 846 2813 iu
865 2757 1002 2827 Wuleton]
1023 2758 1062 2812 II.
1082 2759 1158 2814 hidus
1176 2759 1210 2814 de
1229 2777 1299 2830 ruge,
1318 2757 1356 2812 siu

352 2847 425 2901 dicit.
453 2847 503 2900 Sid
516 2846 636 2900 homiues
649 2847 680 2900 de
694 2846 832 2901 hundredo
844 2847 938 2902 dicunt
950 2866 977 2901 se
990 2865 1126 2918 nunquam
1140 2847 1236 2902 vidisse
1249 2847 1354 2902 brevem

352 2933 394 2987 vei
413 2933 539 2987 nuncium
559 2933 629 3002 regie
646 2933 693 3003 qui
712 2952 771 2987 eum
791 2933 852 2988 iude
871 2934 996 2989 misisset.
1035 2935 1094 2990 Hoc
1112 2939 1202 2990 autem
1221 2939 1356 2990 testantur

352 3018 542 3090 quodquidam
561 3019 640 3072 homo
658 3019 726 3072 huuc
744 3025 839 3072 terram
860 3025 952 3075 teneus
971 3028 998 3077 et
1016 3041 1068 3093 quo
1082 3022 1162 3077 vellet
1173 3023 1244 3078 ubire
1257 3023 1356 3087 valens,

352 3105 477 3162 submisit
490 3125 516 3159 se
529 3104 556 3158 in
570 3123 651 3159 mauu
664 3105 785 3160 Waltevii
799 3125 846 3178 pro
859 3107 1012 3164 defensione
1024 3110 1074 3164 sui.
1097 3135 1099 3140 ·
1112 3109 1154 3164 Ib.

524 3361 675 3430 [Durium.
713 3362 797 3417 Wum
816 3381 853 3418 or
873 3364 988 3419 Iuvruv
1007 3382 1044 3420 or
1063 3367 1187 3436 Surum]

390 3472 468 3528 Hune
486 3477 582 3528 terrum
597 3475 639 3544 [iu
653 3475 786 3545 Sudtune]
800 3476 905 3530 saisivit
919 3477 1062 3532 Durenduv
1081 3483 1107 3532 et
1124 3477 1217 3532 dicunt
1234 3476 1356 3533 homiues

354 3559 423 3629 quod
435 3559 534 3631 injuste
547 3561 634 3626 habet,
647 3581 709 3616 nam
728 3581 806 3617 nemo
824 3581 913 3618 eorum
928 3563 1034 3618 brevem
1052 3565 1122 3636 regis
1135 3566 1177 3620 vel
1189 3565 1356 3622 liberatorum

353 3646 429 3701 vidit.
467 3647 508 3702 lb.
523 3649 556 3703 36
570 3648 593 3703 b.

560 3847 618 3916 [Au
636 3846 766 3904 Orvreer
785 3866 808 3902 v.
826 3849 907 3903 Eunu
926 3865 963 3904 or
981 3849 1144 3920 Moerum]

391 3957 534 4012 Pruseetue
547 3957 725 4014 calumniatur
737 3960 769 4014 ud
782 3979 848 4032 opus
866 3961 950 4033 hujus
968 3963 1079 4016 manerii
1093 3961 1261 4034 [Sudburne]
1275 3983 1355 4020 unum

353 4043 486 4114 virgatam
505 4049 582 4100 terrm
601 4051 627 4101 et
647 4065 770 4117 pascuum
788 4067 867 4120 quam
881 4054 975 4105 vocant
990 4051 1104 4115 Durum,
1117 4070 1176 4122 quae
1194 4052 1280 4106 reddit
1296 4053 1355 4109 XV.

354 4130 459 4184 solidos.
496 4131 591 4186 Comes
608 4133 759 4188 Moritouue
776 4138 856 4190 tenet.
894 4135 945 4192 Sed
964 4137 1085 4192 hundred
1106 4141 1222 4192 testetur
1239 4139 1309 4210 quod
1327 4138 1355 4192 iu

354 4216 485 4272 dominice
509 4219 586 4273 firma
609 4220 680 4290 regis
700 4221 788 4292 jacere
812 4221 913 4286 debeat,
938 4228 965 4279 et
990 4223 1028 4280 ibi
1057 4224 1110 4279 suit
1138 4229 1255 4296 tempore
1286 4225 1356 4296 regis

355 4302 480 4357 Edwardi
492 4309 519 4359 et
530 4309 638 4374 pratum
652 4305 679 4359 in
693 4307 792 4362 eodem.
830 4308 871 4364 lb.
884 4311 919 4364 39
932 4309 957 4365 b.
