3286 5150
343 642 407 706 224
590 659 722 705 PLAOI'M
744 657 1089 705 ΔΜΒΜΟΕΜΔΝΝΙΟΔ.

342 809 587 898 archiepiscopos
617 816 650 876 et
678 811 856 898 episcopum
893 811 1053 876 Elisusem
1081 809 1225 878 faciende
1260 813 1343 899 opud

341 923 542 990 Wintoniam
572 945 627 1007 per
654 946 761 1008 regem
790 930 870 991 tunc
898 923 1014 988 ibidem
1043 923 1232 989 existentem
1268 948 1342 991 cou-

342 1039 487 1120 gregato,
524 1033 628 1098 dictus
669 1035 813 1118 Rogerue
847 1034 1054 1100 Eborecensis
1097 1035 1344 1121 archiepiscopus

343 1169 448 1211 coram
472 1145 623 1230 episcopis
648 1151 680 1211 et
695 1145 786 1230 regni
810 1147 1016 1232 magnatibus
1040 1145 1169 1211 domino
1184 1147 1252 1230 regi
1270 1171 1344 1212 con·

344 1263 473 1344 questus
488 1263 546 1335 est,
562 1257 645 1341 quod
661 1257 823 1322 Gelfridue
838 1257 974 1322 Eliensis
988 1256 1150 1342 episcopus
1164 1258 1199 1321 in
1214 1259 1343 1324 concilio

343 1367 520 1448 cardinalis,
557 1373 595 1431 ut
623 1367 744 1433 dictum
773 1369 842 1447 eet,¹
872 1390 985 1432 manus
1022 1367 1172 1451 injecerat
1199 1368 1233 1432 in
1271 1391 1343 1433 eum

344 1485 459 1546 temere
488 1477 653 1542 violentae.
708 1478 802 1545 Quod
831 1477 967 1542 Elieneie
1004 1477 1166 1563 episeopus
1201 1501 1345 1566 expresse

343 1613 474 1675 negans,
490 1588 524 1652 iu
538 1595 706 1674 conspectu
722 1587 806 1673 regis
821 1597 854 1654 et
868 1589 1084 1674 episcoporum
1099 1589 1217 1655 circum
1239 1597 1344 1656 asten·

344 1701 429 1766 cium
444 1699 649 1764 sacrosanctis
663 1699 836 1784 evangeliis
851 1721 956 1764 coram
973 1721 1010 1763 eo
1032 1698 1154 1784 positis,
1169 1700 1208 1765 de
1229 1701 1288 1766 hoo
1309 1702 1344 1765 in

343 1811 438 1876 verbo
469 1810 612 1876 veritatis
648 1809 794 1895 legitime
830 1833 862 1876 se
892 1809 1054 1895 purgavit,
1093 1834 1188 1897 quam
1218 1813 1345 1897 quidem

343 1921 565 2008 purgationem
597 1921 742 2006 legaliter
772 1921 837 1986 fore
871 1921 988 1986 factam
1016 1921 1083 2006 ipse
1110 1923 1345 1988 centuariensis

344 2033 590 2118 archiepiscopus
605 2033 639 2096 iu
651 2032 745 2097 verbo
755 2031 899 2097 veritatis
916 2037 1052 2098 attestue
1067 2040 1125 2098 est.
1171 2034 1215 2097 Et
1229 2034 1274 2098 sic
1285 2034 1345 2119 ipsi

344 2144 591 2229 archiepiscopus
615 2143 817 2209 Eboraeensis
841 2151 874 2208 et
908 2143 1071 2229 episcopus
1100 2144 1237 2210 Elieusis
1266 2145 1345 2210 iram

344 2259 419 2324 hine
433 2257 505 2324 inde
520 2255 718 2323 remittentes
732 2253 827 2319 amici
841 2260 928 2320 sunt.

352 3014 478 3097 [Annor
492 3031 532 3076 or
549 3013 600 3075 Sr.
619 3013 812 3077 Aucusrmn
827 3035 856 3078 e.
873 3013 956 3076 Meu
971 3031 1011 3076 or
1026 3012 1171 3076 Tannus.
1219 3009 1347 3095 11⁷6.]²

347 3164 415 3230 [The
434 3179 495 3214 men
512 3164 541 3214 ol'
559 3163 660 3212 Thonet
674 3164 759 3214 rslnse
770 3169 799 3214 to
809 3165 991 3228 eeknowledge
1003 3165 1048 3214 the
1060 3165 1175 3226 superior
1182 3162 1347 3228 jurisdiction

411 3242 442 3291 ol
455 3241 499 3290 the
511 3241 608 3290 ohuroh
619 3241 649 3290 ol
663 3241 702 3291 St.
714 3241 863 3304 Augustino
874 3242 904 3292 ol
913 3242 1084 3305 Osnterbury,
1096 3241 1226 3304 declining
1237 3245 1266 3290 to
1281 3243 1347 3304 obsy

412 3334 545 3368 summcns
554 3323 582 3367 to
594 3321 669 3368 court
677 3318 761 3376 there,
768 3319 820 3368 and
827 3321 958 3382 aeserting
965 3321 1025 3368 thet
1033 3319 1097 3382 they
1105 3334 1155 3368 can
1163 3320 1195 3368 be
1202 3317 1347 3382 impleeded

410 3397 473 3460 only
489 3397 517 3445 in
535 3397 604 3446 their
625 3411 683 3446 own
703 3397 813 3446 hallmot
832 3401 862 3446 ut
873 3397 984 3446 Thenet.
1017 3396 1070 3444 'l'he
1082 3397 1162 3444 ubbot
1178 3397 1245 3445 elect
1262 3397 1293 3446 ol
1307 3396 1347 3447 St.

411 3475 559 3538 Augustino
578 3489 635 3524 now
655 3475 757 3524 obtulus
775 3475 820 3524 the
837 3474 923 3538 king's
943 3473 1003 3524 writ
1019 3474 1149 3538 directing
1159 3490 1175 3523 s
1186 3475 1247 3522 trial
1259 3473 1288 3523 ol
1302 3473 1348 3522 the

411 3557 579 3614 controversy
586 3553 613 3601 in
621 3553 667 3602 the
676 3553 778 3615 Connty
787 3552 869 3601 Gonrt
880 3555 909 3600 st
921 3552 1093 3616 Omtmbmy,
1102 3551 1155 3601 und
1162 3552 1235 3601 there
1246 3553 1349 3601 obteine

408 3629 569 3694 sumena]

347 3761 445 3824 Aureo
468 3756 599 3823 Domini
621 3756 803 3822 millessimo
826 3757 1012 3823 CLXXVI.
1036 3777 1119 3821 auno
1140 3762 1246 3822 autem
1264 3735 1348 3840 regis

350 3868 480 3935 Henrici
495 3868 623 3934 secundi
638 3869 750 3933 XXII.
764 3889 870 3932 mense
881 3866 1049 3932 Decembri
1063 3865 1097 3931 in
1111 3867 1223 3952 vigilia
1239 3869 1348 3934 Sancti

348 3982 475 4046 Thomae
498 3979 630 4065 apostoli
654 3979 798 4063 Rogerus
821 3977 937 4042 electus
955 3976 1039 4042 beati
1062 3979 1239 4063 Augustini
1266 3981 1349 4044 Can-

380 4159 390 4192 ¹
408 4153 544 4215 Referring
562 4155 591 4202 to
611 4153 657 4200 the
675 4151 839 4201 well-known
858 4150 980 4200 sceneos
997 4149 1113 4199 violence
1130 4150 1214 4200 which
1233 4150 1350 4199 followed

347 4243 418 4290 upon
428 4229 474 4276 the
485 4230 635 4278 contentiori
653 4228 683 4277 ol
699 4227 745 4278 the
764 4227 933 4290 arehbishope
950 4242 980 4276 us
996 4231 1025 4276 to
1041 4227 1152 4292 priority
1163 4228 1193 4276 ol
1204 4228 1277 4291 place
1294 4231 1323 4277 st
1334 4242 1351 4276 e.

348 4307 448 4356 oonnoil
460 4306 489 4355 of
495 4307 539 4354 the
550 4307 666 4356 cardinal
677 4307 704 4355 in
717 4306 831 4367 hondon,
845 4307 916 4356 1176.

380 4386 391 4417 ²
408 4385 423 4431 2
436 4383 584 4446 'lwyrden’e
597 4383 749 4446 Scriptores,
762 4383 826 4436 1827
840 4383 975 4447 (Thorne’s
987 4381 1101 4446 Utrum).
