3286 5150
321 625 383 687 218
566 642 698 688 ensem
719 641 1064 688 suem-sommum.

318 791 535 859 Abbendoniae
543 816 705 879 superans
714 793 789 858 hida
799 793 833 857 in
846 795 1047 876 Dumeltune,
1057 818 1151 880 quam
1163 795 1320 861 clamabat

318 927 373 988 per
395 903 488 968 breve
510 906 549 970 de
571 910 657 970 recto
667 911 772 969 tenere
793 905 832 969 de
854 905 946 970 domo
969 906 1195 972 Abbendonia.
1240 908 1319 974 Quae

316 1015 526 1080 controversia
540 1039 612 1080 oum
627 1015 926 1080 intermemoratum
937 1017 1135 1082 Willelmum
1144 1017 1319 1102 'lirrpinum

318 1133 351 1191 et
369 1126 499 1190 domum
523 1126 739 1192 Abbendonia
764 1126 818 1191 diu
844 1133 926 1192 esset
948 1129 1114 1208 ventilata,
1131 1128 1261 1199 tandem
1285 1128 1318 1192 in

317 1237 403 1302 curia
418 1238 500 1322 regis
518 1238 577 1302 hoc
592 1238 653 1302 fine
675 1244 708 1303 et
729 1244 835 1303 tenore
855 1243 903 1302 est
920 1239 1032 1323 sopite,
1047 1238 1129 1304 siout
1149 1245 1319 1304 attestatur

316 1355 409 1412 oartae
424 1349 507 1434 regis
524 1349 655 1414 Henrici
673 1349 808 1414 Secundi
823 1348 1012 1434 subsequens
1027 1350 1208 1435 inscriptio:

362 1460 529 1539 Henricus,
542 1445 603 1526 Dei
625 1461 731 1546 gratia
750 1483 806 1524 rex
824 1460 962 1545 Angliae,
979 1467 1012 1524 et
1027 1461 1092 1524 dux
1113 1461 1147 1526 N
1148 1461 1317 1526 ormanniae

315 1576 348 1634 et
367 1571 557 1655 Aquitania,
575 1579 607 1636 et
625 1594 727 1636 comes
749 1571 954 1655 Andegaviae,
969 1571 1217 1657 archiepiscopis,
1236 1572 1316 1656 epis·

315 1681 411 1766 copis,
433 1681 610 1761 abbatibus,
637 1680 817 1762 comitibus,
845 1681 1022 1760 baronibus,
1055 1683 1201 1767 justiciis,
1237 1683 1317 1749 vice·

315 1792 494 1872 comitibus,
509 1793 674 1872 ministris
689 1799 722 1858 et
735 1793 881 1858 omnihus
898 1793 1041 1858 fidelibus
1056 1793 1131 1874 suis,
1144 1794 1270 1860 lhancis
1285 1800 1318 1859 et

315 1903 442 1988 Anglis,
451 1904 550 1970 totius
570 1905 708 1990 Angliae,
725 1905 870 1970 salutem.
916 1904 1030 1970 Sciatis
1049 1927 1100 1970 me
1121 1905 1315 1984 concessisse,

315 2021 349 2080 et
368 2017 513 2100 praesenti
536 2021 621 2082 carta
646 2015 855 2096 confirmasse,
867 2014 1028 2080 Willelmo
1047 2016 1195 2101 Turpino,
1214 2038 1316 2081 came-

313 2127 395 2192 rario
413 2150 493 2208 meo,
516 2133 549 2193 et
568 2126 733 2193 heredibus
753 2127 828 2207 suis,
851 2132 966 2192 terram
993 2128 1032 2192 de
1051 2129 1199 2206 Fenecta,
1221 2149 1316 2212 quam

314 2239 458 2322 Rogerus
491 2238 589 2303 abbas
618 2237 844 2318 Abbendonia,
869 2238 1029 2303 communi
1060 2261 1187 2303 assensu
1217 2237 1315 2303 totius

314 2355 485 2414 conventus
500 2349 597 2435 ipsius
608 2349 753 2429 abbatiss,
762 2371 866 2415 coram
877 2371 928 2414 me
937 2349 1090 2416 concessit
1098 2349 1127 2415 ei
1135 2349 1315 2429 tenendam,

313 2483 369 2546 pro
384 2461 505 2526 duobus
520 2460 626 2526 solidis
641 2459 807 2525 annuatim
821 2460 986 2526 reddendis
1002 2460 1168 2526 camerario
1180 2459 1314 2535 abbatis,

313 2572 485 2637 aelfestum
505 2570 615 2637 Sancti
635 2570 813 2651 Michaelis,
829 2594 884 2656 pro
907 2571 994 2636 omni
1014 2571 1141 2636 servitio
1163 2571 1204 2635 ad
1218 2569 1314 2636 eccle-

313 2680 392 2748 siam
415 2682 630 2748 Ahbendoniae
659 2682 836 2766 pertinente
848 2709 858 2762 ς
894 2681 942 2747 ita
964 2683 1047 2766 quod
1075 2682 1172 2747 abhas
1201 2688 1312 2747 terram

313 2793 400 2859 illam
424 2794 453 2859 ei
474 2793 708 2860 warrantizabit
719 2821 729 2872 ,·
765 2799 798 2859 et
822 2793 971 2877 prefatus
995 2793 1175 2858 Willelmus
1195 2793 1313 2877 'l'urpin

312 2910 414 2970 totam
434 2911 551 2970 terram
580 2928 676 2989 quam
702 2903 860 2969 clamabat
881 2904 916 2968 in
936 2904 1154 2970 Dumheltuna
1174 2905 1314 2989 quietam

312 3015 461 3080 clamavit
469 3015 601 3080 ecclesie
612 3017 651 3081 de
660 3014 877 3094 Abbendonia,
887 3020 921 3080 et
930 3015 1163 3080 warrantizahit
1179 3015 1266 3080 illam
1275 3017 1313 3081 de

313 3127 400 3191 omni
425 3124 583 3210 parentela
601 3147 667 3205 sua,
688 3130 721 3190 et
740 3130 849 3190 contra
868 3131 968 3189 totam
992 3125 1174 3210 progeniem
1201 3127 1313 3207 Heliae,

312 3259 367 3322 per
395 3260 489 3322 quem
517 3237 582 3321 ipse
603 3235 779 3316 clamabat,
806 3240 839 3300 et
861 3235 888 3300 si
912 3259 982 3300 eam
1008 3237 1225 3303 warrantizare
1249 3261 1312 3303 non

312 3348 428 3432 poterit
453 3348 529 3432 (ipse
559 3346 704 3412 videlicet
729 3347 778 3412 vel
801 3347 862 3430 sui)
893 3345 1020 3412 ecclesia
1044 3347 1082 3412 de
1104 3347 1313 3413 Abbendonia

312 3458 440 3544 recipiet
454 3465 570 3524 terram
584 3481 672 3524 suam
684 3460 722 3524 de
743 3459 900 3524 Fenchote
919 3457 1050 3524 liberam
1068 3463 1101 3524 et
1120 3459 1260 3544 quietam
1275 3459 1312 3525 de

313 3570 473 3636 Willelmo
499 3577 531 3637 et
557 3570 632 3651 suis,
659 3570 741 3636 siout
768 3569 1010 3656 chirographum
1043 3569 1115 3635 inde
1144 3571 1227 3635 inter
1260 3593 1312 3636 eos

312 3683 444 3763 factum,
462 3688 495 3749 et
516 3687 603 3748 carta
623 3681 746 3746 abbatis
769 3687 801 3745 et
816 3686 999 3758 conventuS,
1014 3685 1158 3745 testatur.
1206 3681 1312 3747 Quare

312 3794 382 3860 volo
397 3801 430 3859 et
451 3793 584 3858 firmiter
606 3792 751 3877 praecipio
774 3791 858 3876 quod
873 3791 956 3859 idem
971 3791 1152 3856 Willelmus
1172 3793 1311 3877 'I'urpine

311 3909 344 3968 et
359 3905 485 3970 heredes
507 3904 557 3968 sui
572 3903 755 3988 praedictam
769 3909 886 3968 terram
901 3903 940 3967 de
956 3903 1117 3968 Fenchotu
1128 3904 1265 3968 habeant
1279 3910 1312 3969 et

311 4020 442 4080 teneant
456 4015 490 4078 in
506 4015 596 4079 feudo
612 4020 645 4079 et
656 4013 839 4092 hereditate,
850 4011 1027 4077 deecclesia
1041 4012 1080 4078 de
1091 4013 1310 4092 Abbendonia,

311 4125 403 4190 etde
429 4123 542 4189 abbate
567 4129 599 4190 et
623 4122 851 4188 successoribus
876 4123 952 4203 suis,
973 4145 1029 4207 per
1049 4125 1233 4208 praedictum
1249 4147 1310 4188 ser-

311 4235 436 4314 vitium,
446 4235 524 4299 bene
536 4234 610 4298 etin
619 4256 706 4319 pace,
715 4234 810 4298 libere
820 4239 852 4298 et
862 4233 976 4316 quiete,
985 4234 1108 4318 integre
1119 4241 1151 4298 et
1162 4233 1309 4317 plenarie,

311 4350 344 4410 et
357 4344 536 4424 honorifice,
550 4345 585 4409 in
600 4345 692 4409 bosco
713 4349 745 4409 et
766 4344 871 4429 plano,
888 4342 922 4407 in
944 4345 1043 4428 pratis
1065 4350 1098 4410 et
1113 4344 1260 4428 pasturis,
1276 4345 1308 4408 in
