3286 5142
682 679 791 725 nanas
813 679 850 724 11.
1019 695 1021 700 ,
1213 661 1273 724 189

272 853 427 935 [Caunos
443 874 482 920 os
498 857 593 921 Yoax
607 879 635 923 o.
650 858 791 922 Caunos
806 876 846 922 os
862 855 1085 922 Gnosonssnn.
1145 858 1272 940 115⁷.]¹

271 1000 386 1065 [Reoord
397 1004 426 1052 ol
435 1004 573 1068 judgment
584 1004 614 1055 of
621 1005 790 1068 composition
798 1005 917 1055 between
928 1005 974 1054 the
984 1005 1083 1068 parties
1093 1019 1123 1055 as
1135 1009 1164 1054 ιο
1174 1005 1274 1056 certain

336 1080 425 1142 lands3
443 1082 604 1146 the'diapnte
614 1084 712 1148 having
722 1085 787 1133 boen
804 1083 906 1134 carried
923 1088 952 1133 to
967 1084 1013 1132 the
1023 1097 1097 1147 pope,
1109 1084 1162 1132 and
1172 1084 1208 1147 by
1219 1084 1274 1132 him

334 1159 472 1224 delegated
483 1165 512 1210 to
527 1163 628 1212 certain
645 1161 757 1225 biabopa
775 1162 827 1211 and
842 1163 888 1212 the
905 1162 967 1210 trial
987 1161 1077 1225 finally
1088 1161 1180 1224 taking
1199 1149 1274 1224 place

334 1237 422 1288 belone
443 1239 558 1302 bisbopn,
580 1241 682 1300 abbota,
705 1239 825 1301 demone,
848 1240 1031 1300 aichdeaoons,
1054 1240 1146 1304 priore,
1168 1254 1273 1300 canona,

335 1317 491 1377 constables,
502 1317 606 1379 bomne,
617 1319 669 1367 and
681 1317 829 1382 κηποι]

272 1443 451 1523 Ronanus,
481 1444 542 1510 Dei
570 1446 675 1530 gratia
703 1445 909 1510 Eboraoensis
945 1445 1203 1530 archiepiscopus,
1239 1449 1273 1510 at

272 1553 432 1619 Robertus
468 1556 621 1621 secundus
657 1557 802 1636 decanus,
839 1562 872 1622 et
916 1560 1023 1622 totum
1067 1555 1273 1620 Eboraoenais

270 1663 404 1728 ecclesiae
432 1666 618 1750 capitulum,
641 1667 794 1732 universis
825 1667 950 1731 Sanctae
979 1666 1097 1731 Matris
1126 1666 1272 1730 Ecclesia

269 1773 355 1855 filiis,
370 1776 505 1842 salutem
528 1785 561 1842 et
584 1777 842 1844 benedictionem.
888 1779 941 1843 Ne
966 1778 1052 1862 quod
1076 1778 1116 1843 ad
1139 1777 1272 1842 ecclesie
1367 1815 1376 1828 ·

268 1879 378 1968 paoem
402 1895 586 1974 perpetuam
606 1895 639 1954 et
658 1889 798 1975 quietem
811 1889 865 1974 pia
878 1889 1035 1955 bonorum
1060 1888 1271 1954 sollicitudine

269 2003 473 2080 procuratum
488 2003 546 2079 est,
558 1999 661 2064 valeat
674 2000 709 2064 in
724 2007 886 2085 posterum
901 2021 1086 2084 quacunque
1101 1998 1271 2083 cujuslibet

270 2108 513 2189 machinatione,
542 2110 623 2190 dolo,
652 2111 703 2176 vel
739 2111 943 2198 malignitate
979 2109 1123 2187 rescindi,
1153 2110 1270 2195 scripto

268 2220 415 2302 presenti
428 2220 662 2286 testificandum
676 2226 827 2287 etvcstrae
842 2220 1140 2286 communicandum
1148 2219 1270 2286 notitia

268 2329 425 2410 duximus,
445 2332 515 2416 quis
538 2337 704 2418 protractas
729 2333 921 2418 aliquamdiu
941 2333 1024 2396 inter
1044 2332 1270 2397 Eboracensem

267 2441 429 2507 ecclesiam
452 2449 486 2508 et
510 2443 738 2509 Glaucestriam
764 2466 858 2529 supra
887 2443 949 2507 hiis
978 2442 1069 2508 terrie
1098 2442 1269 2522 Berthcne,

269 2554 427 2635 Stanedia,
446 2555 573 2626 Lecche,
595 2555 759 2636 Otintone,
782 2554 998 2620 controversie
1022 2553 1095 2620 finis
1115 2552 1268 2621 extiterit.

266 2663 407 2728 Illustrie
443 2665 597 2750 siquidem
641 2670 674 2731 et
710 2664 864 2731 carissimi
898 2665 1020 2730 domini
1049 2665 1149 2730 nostri
1185 2666 1269 2751 regis

266 2771 446 2858 Anglorum
471 2774 603 2839 Henrici
628 2774 768 2855 secundi,
794 2775 1011 2862 episcoporum
1033 2775 1131 2841 etiam
1154 2777 1268 2861 quibus

264 2888 332 2949 erat
368 2908 388 2950 a
422 2884 550 2950 domino
587 2908 669 2971 papa
705 2885 845 2952 Adriano
882 2892 996 2971 quarto
1031 2909 1132 2953 causa
1168 2886 1267 2972 ipsius

264 2995 406 3080 cognitio
414 2996 569 3082 delegata,
581 2996 714 3063 Roberti
723 2997 868 3063 videlicet
883 2997 1116 3078 Bathoniensia,
1132 2997 1154 3061 J
1155 2998 1266 3063 ocelini

266 3106 518 3188 Sareebnriensis,
556 3108 688 3173 Roberli
735 3107 934 3188 Exonicnsia,
970 3108 1103 3173 aliorum
1143 3132 1267 3195 quoque

263 3217 471 3302 pluiimorum
497 3218 637 3299 oonsilio,
652 3223 685 3283 et
707 3219 837 3284 monitis
858 3219 1098 3306 acquiescentes,
1113 3220 1267 3306 elegimus

263 3329 388 3394 amicali
413 3330 517 3414 magis
541 3329 768 3414 compositione
793 3351 859 3393 rem
874 3329 974 3407 finire,
990 3352 1086 3414 quam
1101 3331 1135 3395 in
1150 3330 1265 3397 alteru·

263 3439 345 3503 trine
370 3439 469 3524 partia
493 3461 665 3524 gravamen
691 3439 853 3503 sententia
867 3439 1027 3521 judicialis
1043 3441 1193 3524 ambiguo
1207 3442 1264 3507 fini

262 3549 458 3614 submittere.

306 3657 539 3725 Transactionis
562 3659 669 3744 itaque
693 3660 805 3725 modus
828 3661 881 3724 hio
904 3666 964 3727 cst.
1009 3658 1147 3726 Ecclesia
1166 3661 1264 3726 Glou·

262 3769 391 3848 cestrie,
406 3770 444 3835 de
458 3769 551 3833 terris
565 3769 641 3854 ipsis
656 3792 725 3854 qum
740 3769 774 3834 in
788 3769 947 3835 calumnia
961 3770 1097 3852 fuerant,
1112 3772 1264 3837 concessit

261 3881 381 3966 viginti
404 3885 538 3965 quatuor
556 3880 686 3948 libratas
708 3881 898 3947 Eboracensi
921 3881 1064 3961 ecclesiae,
1079 3905 1136 3967 pro
1151 3882 1264 3966 quibus

261 3992 349 4058 dedit
378 3990 406 4057 ei
435 3997 539 4057 totam
570 3991 760 4058 Otintonam
785 4015 857 4058 cum
883 3992 1064 4057 hominibus
1091 3992 1203 4078 quiin
1227 4016 1263 4058 ea

262 4109 353 4168 amnt
367 4107 400 4168 et
414 4103 561 4170 omnibus
575 4103 774 4190 pertinentiis
790 4104 864 4184 suia,
880 4109 912 4169 et
927 4105 1005 4170 duas
1019 4104 1109 4169 hidas
1123 4109 1214 4169 terra
1228 4104 1264 4170 in

263 4215 438 4281 cundicote
463 4237 536 4281 cum
561 4215 762 4302 pertinentiis
787 4237 906 4296 eorum,
933 4219 1093 4282 ettotam
1118 4215 1262 4281 Scardin-

384 4434 387 4440 ·
475 4402 483 4435 ¹
502 4404 518 4451 2
530 4402 623 4453 chron.
633 4404 702 4452 Mon.
716 4403 950 4468 Glooo.105(Rec.
964 4403 1057 4463 Com).
