3298 5162
324 597 387 660 284
569 611 700 658 anacim
723 613 1071 660 asoto-nonnsanlca

322 790 393 831 eum
410 767 447 830 de
462 766 585 830 laesione
597 765 690 850 regiae
702 763 888 848 majestatis,
904 765 937 829 in
952 789 988 830 eo
1003 767 1087 850 quod
1103 766 1168 851 ipse
1183 767 1221 830 ad
1233 789 1323 830 voca·

322 877 442 942 tionem
460 876 658 961 justitiarum
680 874 764 960 regis
785 875 891 940 venire
907 875 1019 956 noluit,
1034 899 1091 942 nec
1105 877 1171 962 juri
1186 885 1269 942 stare
1286 877 1325 940 de

321 987 469 1072 praedicta
490 985 699 1070 receptatione
721 991 891 1070 raptorum,
916 1009 1014 1072 neque
1037 1011 1088 1053 eoa
1103 989 1142 1052 ad
1165 987 1324 1073 justitiam

323 1099 406 1181 regis
428 1099 595 1182 producere
603 1123 613 1175 3
637 1097 691 1162 sed
706 1097 877 1182 respondit,
892 1121 924 1162 se
946 1121 1012 1162 esse
1027 1099 1186 1163 hominem
1201 1097 1327 1164 comitis

321 1208 495 1272 iohannis¹
522 1213 555 1272 ct
578 1207 656 1272 velle
680 1206 715 1271 in
740 1207 827 1272 curia
852 1231 908 1272 sua
926 1207 992 1292 juri
1021 1215 1114 1274 stare.
1175 1211 1327 1274 Praetereo

322 1319 557 1404 appellaverunt
572 1343 655 1398 eum,
670 1321 752 1403 quod
767 1319 833 1404 ipse
850 1320 911 1385 fuit
927 1321 961 1385 in
978 1321 1010 1385 vi
1030 1329 1063 1386 et
1078 1322 1236 1407 adjutorio
1253 1347 1324 1387 cum

323 1429 437 1494 comite
453 1431 607 1508 Johanne,
627 1437 660 1495 et
674 1430 745 1494 aliis
759 1429 897 1495 inimicis
920 1432 1015 1515 regis,
1029 1431 1069 1496 ad
1091 1432 1220 1498 castella
1242 1434 1325 1518 regis

323 1539 362 1604 dc
377 1539 577 1623 Notingham
590 1549 623 1604 et
638 1540 810 1605 deTikehil
826 1541 984 1626 capienda.
1031 1540 1183 1606 Girardua
1198 1566 1271 1608 vero
1286 1544 1325 1608 de

325 1650 482 1718 Camvilla
496 1651 629 1735 negavit
643 1651 750 1715 omnia
764 1675 832 1736 quae
847 1651 1075 1736 objiciebantur
1089 1653 1118 1716 ei
1132 1654 1172 1717 ab
1188 1653 1250 1717 illis
1258 1681 1268 1732 3
1293 1661 1327 1719 et

323 1761 371 1826 illi
396 1761 549 1827 dederunt
572 1761 699 1826 vadium
722 1762 760 1826 de
775 1763 999 1847 prosequendo,
1015 1770 1048 1829 et
1070 1765 1221 1829 Girardns
1238 1765 1327 1831 dedit

325 1873 451 1938 vadium
467 1873 505 1938 de
520 1872 714 1938 defendendo
729 1895 831 1957 seper
845 1897 944 1937 unum
964 1874 1003 1940 de
1025 1874 1131 1940 liberis
1145 1875 1326 1941 hominibus

323 2008 398 2050 suis·

519 2456 647 2540 [Annon
670 2475 710 2519 os
737 2455 789 2519 Sa.
809 2455 964 2520 Ennnnn.
1012 2457 1140 2540 ΠΜ]2

327 2593 382 2658 [An
400 2593 549 2657 inquisition
573 2593 651 2656 being
668 2593 777 2642 omnmo
794 2607 824 2642 aa
842 2598 871 2642 to
893 2593 939 2642 the
961 2593 1013 2642 last
1037 2591 1216 2654 pmsentation
1233 2591 1263 2638 ol
1283 2591 1328 2639 the

390 2673 487 2722 churcb
499 2676 528 2720 at
538 2671 576 2730 B.,
588 2671 638 2720 five
650 2671 680 2720 ol'
688 2671 733 2719 the
744 2672 906 2734 mcognitors
922 2686 995 2720 come
1013 2675 1041 2720 to
1059 2672 1105 2720 tha
1123 2671 1204 2719 abbot
1221 2669 1272 2718 and
1289 2668 1327 2716 in·

391 2749 476 2798 dicate
487 2763 504 2797 a
514 2748 675 2811 willingnass
686 2751 714 2796 to
725 2748 757 2796 be
768 2747 915 2812 corrupted.
950 2747 1004 2796 The
1015 2749 1095 2796 abbot
1106 2747 1219 2796 declines
1238 2751 1267 2794 to
1282 2759 1327 2793 en·

392 2826 490 2875 tanain
513 2825 581 2874 their
607 2826 767 2888 suggestion,
791 2826 843 2874 and
863 2826 927 2888 they
948 2825 1041 2888 depart
1063 2826 1090 2873 in
1113 2839 1194 2888 anger
1201 2843 1209 2882 l
1229 2823 1330 2885 finding

391 2904 495 2966 against
506 2900 580 2964 him]

327 3001 484 3064 Eccnnsln
513 3021 584 3062 vero
611 2998 648 3062 dc
678 2999 830 3062 Boceford
862 3009 1005 3078 vacante,
1031 3023 1102 3064 cnm
1137 2997 1329 3062 summoniln

329 3107 439 3173 suisset
463 3107 535 3172 inde
559 3107 757 3190 recognici0,³
773 3115 926 3172 venerunt
941 3109 1080 3196 quinque
1095 3107 1211 3174 milites
1226 3115 1328 3189 temp-

329 3225 433 3283 tantes
456 3217 614 3295 abbatem,
634 3224 666 3282 et
688 3224 851 3302 querentes
866 3219 942 3304 quid
957 3220 1029 3285 inde
1052 3221 1200 3286 deberent
1213 3222 1329 3304 jurare.

331 3328 441 3393 Abbas
460 3338 565 3392 nutem
589 3327 692 3392 noluit
714 3329 757 3393 eis
773 3329 890 3414 aliquid
906 3331 988 3409 dare,
1003 3330 1054 3394 vel
1069 3331 1263 3416 pmmittere,
1278 3329 1331 3394 sed

329 3439 433 3505 dixit:
460 3441 576 3505 “Cum
599 3440 637 3503 ad
661 3440 880 3524 juramentum
906 3449 1093 3524 perventum
1118 3441 1220 3520 l'uerit,
1236 3440 1331 3506 dicite

329 3557 449 3615 rectum
468 3549 636 3613 seeundum
660 3551 882 3614 conscientiam
898 3553 1068 3616 vestram.”
1112 3553 1178 3636 lpsi
1194 3575 1266 3616 vero
1282 3552 1330 3616 in·

330 3660 498 3746 dignantes
514 3667 713 3738 recesserunt,
729 3660 805 3724 etei
820 3683 874 3743 per
893 3661 1107 3744 juramentum
1128 3685 1221 3725 suum
1236 3662 1330 3727 advo·

331 3771 487 3835 cacionem
510 3769 595 3833 illius
610 3769 746 3848 ecclesie,
762 3770 880 3834 scilieet
895 3771 1040 3834 ultimam
1055 3773 1331 3856 presentationem,

331 3880 529 3945 abstulemnt
540 3907 550 3959 ς
587 3903 682 3965 quam
711 3887 818 3946 tamen
854 3889 963 3965 postea
993 3885 1196 3968 recuperavit,
1222 3883 1331 3948 multis

326 3992 417 4056 factis
432 3990 587 4075 expensis,
598 3998 630 4055 et
645 3991 728 4056 datis
743 3991 848 4056 decem
863 3993 984 4056 marcia.

522 4134 529 4166 ¹
548 4136 709 4186 Aslcrwnrds
722 4138 786 4200 king
798 4139 873 4186 John.

521 4212 531 4242 ‘¹
549 4215 643 4262 Chron.
655 4216 711 4263 doc.
723 4215 755 4262 do
768 4216 1045 4270 Bmkel.44‹cnu1den
1059 4217 1133 4277 Soc).

520 4293 531 4322 ³
549 4291 587 4339 As
599 4297 626 4338 lo
638 4293 682 4339 tho
694 4291 745 4340 lost
758 4294 941 4352 presentation.
