3252 5112
330 653 348 712 6
575 669 707 713 aaroni
732 667 1078 714 suono-nonmusios.

329 827 362 886 et
386 821 533 906 antiquas
559 819 694 885 ecclcsiae
719 843 781 884 sua
807 826 905 885 terras
928 821 1044 884 multas
1070 820 1130 885 sibi
1156 819 1261 885 deesse
1283 817 1332 882 in-

328 931 460 1009 veniret,
475 937 509 996 et
524 953 652 995 suorum
675 931 873 1014 negligentia
894 936 1124 996 antecessorum
1141 931 1211 994 illas
1226 929 1332 994 distri-

329 1041 422 1105 butas
431 1041 702 1126 atquedistractas
713 1041 806 1104 fuisse
817 1041 990 1125 reperisset,
1000 1041 1172 1123 diligenter
1181 1040 1334 1126 inquisita

330 1158 363 1217 et
389 1153 466 1216 bene
492 1153 622 1237 cognita
646 1152 789 1231 veritate,
806 1173 912 1236 regem
938 1175 1032 1238 quam
1056 1153 1150 1217 citius
1173 1151 1278 1237 potuit
1300 1155 1333 1215 et

330 1285 393 1327 non
408 1263 499 1348 pigre
514 1265 587 1329 inde
602 1264 776 1348 requisivit.
822 1264 974 1347 Praecepit
989 1287 1064 1348 ergo
1076 1287 1129 1329 rex
1144 1264 1333 1328 comitatum

331 1379 438 1438 totum
467 1374 584 1459 absque
614 1397 700 1439 mora
730 1374 890 1439 considere
923 1381 956 1439 et
992 1375 1135 1439 homines
1164 1373 1334 1438 comitatus

331 1507 440 1550 omnes
470 1486 682 1569 Francigeuas
711 1492 744 1550 et
771 1487 926 1570 praecipue
963 1485 1087 1570 Anglos
1124 1485 1159 1548 in
1195 1483 1335 1569 antiquis

331 1597 454 1680 legibus
476 1603 507 1662 et
529 1597 809 1662 consuetudinibus
832 1599 949 1682 peritos
974 1597 1009 1660 in
1036 1619 1136 1660 unum
1159 1595 1333 1661 convenire.

334 1706 399 1771 Qui
422 1729 495 1771 cum
518 1713 734 1772 convenerunt
748 1708 832 1794 apud
856 1708 1071 1772 Pinendenam
1094 1729 1202 1772 omnes
1216 1707 1335 1790 pariter

333 1818 550 1884 consederunt.
595 1819 640 1884 Et
654 1819 803 1903 quoniam
822 1818 924 1882 multa
938 1819 1054 1904 placita
1074 1819 1112 1884 de
1134 1818 1334 1882 diratiocina-

332 1928 471 1993 tionibus
501 1937 655 1994 terrarum
685 1935 719 1994 et
744 1929 838 1994 verba
860 1929 899 1993 de
925 1929 1202 1995 consuetudinibus
1227 1927 1334 2012 legum

332 2038 415 2103 inter
443 2039 709 2125 archiepiscopum
739 2045 773 2104 et
807 2039 991 2124 praedictum
1022 2041 1224 2105 Baiocensem
1253 2039 1334 2122 epis-

332 2171 445 2235 copum
477 2149 521 2214 ibi
551 2155 763 2229 surrexerunt,
793 2156 827 2215 et
855 2151 953 2215 etiam
983 2150 1067 2214 inter
1095 2149 1335 2214 consuetudines

333 2261 453 2343 regales
468 2267 501 2326 et
523 2261 798 2345 archiepiscopales
821 2285 889 2346 quae
913 2261 1015 2345 prima
1038 2260 1089 2324 die
1116 2259 1255 2343 expediri
1272 2281 1335 2322 non

333 2377 514 2455 potuerunt,
529 2394 565 2435 ea
588 2395 691 2450 causa,
707 2377 793 2435 totus
816 2371 987 2436 comitatus
1009 2377 1066 2455 per
1089 2377 1153 2436 tres
1178 2370 1244 2435 dies
1271 2370 1333 2434 fuit

333 2481 377 2545 ibi
403 2483 560 2546 detentus.
606 2484 647 2546 In
672 2481 735 2546 illis
760 2482 863 2547 tribus
892 2482 1002 2547 diebus
1028 2480 1264 2546 diratiocinavit
1289 2480 1335 2544 ibi

333 2593 531 2657 Lanfrancus
554 2593 801 2677 archiepiscopus
824 2593 929 2677 plures
950 2598 1049 2658 terras
1067 2615 1145 2676 quas
1167 2597 1244 2656 tunc
1267 2590 1333 2675 ipse

332 2703 496 2787 episcopus
511 2709 543 2767 et
558 2703 700 2768 homines
715 2705 764 2768 sui
779 2710 963 2783 tenuerunt,
973 2703 1129 2783 videlicet,
1141 2704 1334 2768 Herebertus

333 2813 418 2876 iilius
456 2814 576 2894 lvonis,
606 2815 762 2878 Turoldus
790 2814 830 2879 de
859 2813 1070 2893 Rovecestria,
1110 2813 1267 2877 Radulfus
1296 2812 1334 2876 de

334 2925 440 2988 Curva
471 2923 579 3007 Spina,
615 2924 714 3008 Hugo
744 2923 782 2988 de
811 2925 925 2988 Monte
955 2923 1055 3003 Forti,
1086 2946 1159 2988 cum
1189 2924 1335 2988 omnibus

333 3035 613 3100 consuetudinibus
639 3041 672 3100 et
697 3035 788 3100 rebus
819 3059 887 3120 quae
917 3035 957 3099 ad
987 3035 1110 3098 medem
1140 3039 1240 3099 terras
1265 3057 1334 3119 per-

333 3146 500 3223 tinebant3
528 3145 647 3210 seilicet
670 3146 811 3226 Rntulfe,
838 3145 994 3224 Sandwic,
1019 3144 1196 3229 Rateburg,
1219 3145 1335 3210 Wede·

333 3269 421 3335 tune,
455 3255 684 3321 Monasterium
721 3256 760 3321 de
790 3257 946 3340 Lunning
982 3279 1054 3320 cum
1077 3256 1169 3320 terris
1200 3262 1231 3321 et
1262 3279 1335 3320 con-

334 3368 552 3434 suetudinibus
592 3370 631 3433 ad
675 3369 779 3454 ipsum
818 3368 1050 3433 Monasterium
1089 3369 1334 3452 pertinentibus,

336 3480 487 3545 Saltvude
516 3502 589 3544 eum
616 3479 719 3564 burgo
750 3481 857 3544 Hethe
886 3480 926 3544 ad
964 3479 1117 3544 Saltvude
1147 3480 1334 3564 pertinente,

335 3593 513 3677 Langport,
532 3590 759 3669 Hiwendenne‚
777 3589 933 3674 Rokinge‚
957 3591 1121 3676 Detlinge,
1144 3590 1335 3670 Prestitune,

335 3705 572 3784 Sunderherste,
596 3703 763 3782 Carhethe,
787 3703 978 3787 Orpintune,
1001 3703 1177 3783 Einesford,
1201 3710 1336 3788 quatuor

335 3817 515 3902 praebendas
531 3816 663 3896 Broche,
678 3817 717 3882 de
736 3815 943 3894 Niwentune,
961 3815 1076 3880 Stokes
1091 3821 1123 3878 et
1138 3815 1333 3880 Devintune.

334 3931 373 3993 In
397 3928 554 4007 Suthreia,
569 3929 695 3992 favente
717 3949 790 4011 rege
806 3927 990 4005 Willielmo,
1005 3925 1245 3990 diratiocinavit
1266 3925 1332 4007 ipse

334 4038 581 4121 archiepiscopus
597 4037 805 4102 Murtelache.
851 4038 893 4102 In
916 4035 1085 4100 Luudonia
1108 4034 1334 4098 monasterium

336 4151 458 4212 Sancta
485 4146 607 4225 Maria,
631 4170 703 4211 eum
729 4148 821 4212 terris
847 4153 879 4212 et
903 4146 1047 4210 domibus
1073 4167 1153 4229 quas
1176 4144 1335 4227 Livingus

333 4259 497 4345 presbyter
533 4264 566 4322 et
600 4281 680 4322 uxor
714 4257 800 4321 illius
837 4257 1037 4334 habuerunt;
1078 4255 1111 4318 in
1150 4253 1335 4333 Midlesexe,

336 4371 494 4454 Herghas,
534 4368 686 4446 Hcisam;
724 4368 758 4431 in
788 4366 1076 4452 Bochingeamsive,
1115 4365 1335 4449 Riseberganr,
