3286 5150
366 611 428 673 232
611 627 744 672 amoma
769 625 1116 674 asoto-aonammca,

364 801 433 866 qnae
458 780 493 843 in
517 779 661 864 partibus
685 780 851 846 Cornubiae
874 778 937 844 site
961 783 1020 858 est,
1046 779 1207 844 Martinus
1231 779 1370 856 nomine,

365 892 476 958 statim
491 897 562 976 post
576 890 787 976 Epiphaniam
803 890 933 958 Domini
948 891 1064 957 furtive
1075 893 1248 977 asportavit
1258 915 1369 977 corpus

368 1002 478 1068 Sancti
493 1000 626 1081 Petroci,
641 1007 674 1067 et
693 1025 766 1068 cum
789 1027 825 1072 eo
849 1003 976 1086 fugiens
998 1005 1227 1084 transfretavit,
1242 1011 1275 1069 et
1290 1003 1370 1068 illud

366 1113 448 1178 sicut
474 1113 590 1178 detulit
613 1135 710 1198 usque
725 1114 765 1179 ad
779 1113 939 1180 abbatiam
964 1112 1074 1178 Sancti
1097 1114 1249 1179 Mecenni
1274 1115 1369 1178 sitam

365 1221 556 1308 inpartibus
571 1222 707 1288 Minoris
723 1223 905 1290 Britanniae.
939 1223 1033 1289 Quod
1047 1245 1119 1288 cum
1136 1225 1260 1309 Rogero
1274 1224 1370 1309 priori

367 1332 565 1398 Bothmeniae
590 1337 625 1398 et
649 1331 807 1398 canonicis
826 1332 943 1398 ibidem
959 1331 1027 1398 Deo
1050 1332 1257 1399 servientibus
1279 1333 1369 1398 inno-

367 1443 492 1522 tuisset,
514 1441 681 1528 pradictus
706 1443 799 1528 prior,
824 1465 880 1528 per
903 1443 1070 1508 consilium
1086 1443 1370 1522 brahmanorum,

365 1552 529 1617 dominum
543 1573 651 1637 regem
666 1553 791 1638 Anglie
808 1553 993 1632 Henricum‚
1002 1553 1103 1617 filium
1118 1554 1255 1620 Matillis
1269 1555 1368 1641 impe-

365 1663 499 1742 ratricis,
526 1663 616 1740 adiit,
639 1669 672 1728 et
695 1685 751 1748 per
776 1662 875 1748 ipsius
898 1664 1048 1748 potentias
1071 1663 1239 1746 auxilinm,
1259 1687 1370 1751 corpus

368 1773 477 1840 Sancti
492 1773 718 1860 Patroci‚quod
734 1797 789 1860 per
803 1774 924 1839 furtum
940 1773 1118 1854 amiserant,
1127 1783 1367 1860 recuperassent.

366 1886 418 1950 Ad
444 1885 631 1952 instantiam
654 1891 760 1950 autem
786 1884 911 1950 illorum
926 1885 1080 1951 concessit
1094 1885 1139 1950 eis
1152 1887 1301 1971 prefatus
1314 1910 1370 1952 rex

366 1996 519 2062 auxilium
544 2019 648 2076 snum,
664 2003 697 2062 et
719 1994 882 2060 mandavit
907 2017 962 2079 per
984 1995 1105 2062 litteras
1127 2019 1199 2061 suas
1215 1997 1370 2062 Bollando

366 2108 404 2172 dc
414 2107 584 2186 Dinamno,
592 2106 724 2193 justitiae
736 2104 913 2184 Brittania,
922 2105 1005 2190 quod
1015 2105 1081 2171 sine
1095 2106 1245 2174 dilatione
1255 2106 1369 2174 faceret

365 2218 445 2282 illud
471 2241 580 2304 corpus
606 2217 703 2283 reddi.
749 2216 868 2282 Audito
892 2215 999 2301 itaque
1021 2217 1170 2284 mandato
1185 2218 1278 2303 regis,
1291 2243 1368 2304 prae·

366 2328 470 2393 dictus
485 2329 660 2394 Rollandus
676 2327 764 2394 venit
779 2349 851 2392 cum
866 2333 987 2393 armata
1002 2349 1099 2392 manu
1124 2334 1158 2394 et
1181 2331 1305 2413 potenti
1328 2331 1369 2396 ad

366 2438 525 2504 abbatiam
542 2439 652 2504 Sancti
668 2438 832 2513 Marenni,
848 2444 881 2503 et
892 2438 1039 2523 praecepit
1050 2459 1160 2522 corpus
1170 2439 1248 2504 illud
1262 2441 1368 2520 reddi,-

365 2550 536 2635 quodcum
551 2550 646 2616 abbas
661 2558 693 2615 et
709 2549 855 2615 monachi
869 2549 1008 2633 ejusdem
1023 2549 1083 2615 loci
1098 2550 1222 2616 reddere
1237 2551 1368 2632 nollent,

365 2663 431 2749 ipse
454 2662 556 2727 minas
570 2661 702 2740 addidit,
716 2662 827 2746 jurans
841 2682 874 2725 se
888 2682 944 2745 per
958 2659 1035 2741 vim,
1057 2660 1120 2726 nisi
1145 2661 1274 2727 celerius
1301 2663 1368 2728 red-

271 2797 273 2800 ·
367 2777 500 2848 deretur.
516 2773 676 2838 extrahere
691 2771 771 2837 velle
785 2770 874 2836 illud.

399 2913 453 2961 The
464 2908 532 2972 body
545 2909 567 2958 is
578 2911 641 2959 then
652 2907 831 2970 snmendered,
842 2923 877 2959 on
887 2909 950 2958 cath
961 2908 1020 2958 that
1032 2908 1054 2958 it
1064 2922 1119 2958 was
1131 2909 1175 2958 tho
1186 2907 1308 2960 identical
1320 2925 1368 2959 ons

366 2989 492 3053 required.

547 3579 671 3662 [Minas
692 3599 732 3642 or
755 3579 983 3644 Camaracum.
1030 3579 1171 3663 1182?]¹

369 3705 437 3770 [The
448 3707 533 3769 king'a
544 3708 605 3754 writ
616 3706 746 3769 directing
757 3707 816 3755 thet
825 3707 860 3755 all
873 3706 941 3754 milla
952 3705 1043 3755 within
1054 3706 1106 3754 and
1118 3707 1228 3755 without
1240 3707 1283 3754 the
1296 3706 1369 3754 walle

432 3783 463 3830 of
478 3781 651 3845 Canterbury,
663 3787 710 3830 not
728 3782 870 3845 belonging
887 3787 915 3831 to
931 3783 975 3832 the
993 3783 1100 3843 choreb,
1112 3783 1144 3832 be
1162 3781 1306 3844 examinod‚
1317 3783 1368 3830 and

303 3915 306 3920 ,
434 3864 480 3911 the
491 3877 589 3912 owners
606 3863 748 3925 presented
759 3863 826 3911 from
837 3863 1009 3926 snoroaohing
1028 3879 1098 3926 upon
1109 3865 1155 3912 the
1165 3865 1250 3926 rights
1262 3862 1292 3912 οἱ
1300 3863 1369 3910 milla

433 3939 464 3988 of
476 3940 521 3988 the
538 3939 652 3998 ohnrch;
673 3938 726 3987 and
745 3937 767 3986 if
786 3939 831 3988 the
849 3939 947 3988 churoh
958 3940 1007 3989 has
1022 3940 1133 3990 suffered
1145 3941 1261 4004 damage,
1273 3940 1295 3988 it
1307 3953 1368 4002 may

433 4019 533 4080 compel
544 4015 761 4082 compensation]

370 4131 555 4212 Haemona,
560 4155 613 4197 rex
621 4131 848 4216 Anglomm,et
859 4131 1367 4218 doxNormanniaeetAqnitaniae,

594 4305 602 4338 ¹
621 4305 691 4353 Hist.
703 4306 771 4354 bion.
785 4305 823 4366 St.
835 4306 901 4368 Aug.
912 4308 960 4354 4⁶2
973 4307 1043 4370 (Rec.
1057 4307 1148 4370 Com).
