3286 5142
341 617 401 679 116
585 635 717 681 rmcrra
740 635 1091 682 auom-uouuauurca.

337 809 370 851 se
396 809 459 851 non
493 785 599 852 minus
630 787 804 873 procaciter
836 810 933 874 quam
964 789 1155 854 mendaciter
1180 789 1339 874 'haeredem

337 897 546 962 contendebat
592 921 657 962 esse
667 925 677 976 ς
719 898 916 982 justissime;
973 899 1090 986 quippe
1138 901 1194 986 qui
1240 900 1340 964 filiam

337 1007 479 1072 defuncti
515 1009 686 1092 conjugem
722 1008 890 1086 habuerit3
917 1009 1084 1094 adoptatus
1120 1010 1160 1074 ab
1198 1011 1340 1096 ejusdem

337 1127 426 1202 patre
448 1118 526 1182 dum
553 1119 673 1184 viveret
696 1119 730 1183 in
754 1119 876 1198 filium;
898 1127 1022 1205 patrem
1046 1143 1119 1186 vero
1142 1144 1206 1186 nou
1221 1122 1340 1207 stipen-

336 1228 444 1304 diarie,
460 1235 498 1293 ut
512 1228 691 1314 oppositum
707 1237 765 1309 est,
781 1229 836 1293 sed
851 1230 947 1296 libere
962 1231 1067 1316 potius
1088 1240 1121 1298 et
1142 1233 1340 1299 haereditarie

337 1349 454 1406 terram
476 1341 515 1406 de
536 1363 601 1426 qua
622 1340 744 1426 questio
765 1346 834 1405 erat
863 1341 1011 1406 tenuisse.
1057 1343 1190 1428 Cuuque
1220 1343 1340 1407 diutius

335 1451 430 1516 variis
453 1451 494 1516 ab
519 1451 708 1516 alterutrum
734 1451 1036 1517 contradictionibus
1059 1475 1153 1518 causa
1174 1454 1339 1538 protende-

335 1569 431 1644 retur,
455 1561 538 1628 dixit
569 1560 741 1647 episcopus.
780 1561 867 1628 Quia
891 1562 958 1628 dies
985 1564 1132 1648 praeterit,
1159 1573 1192 1630 et
1219 1565 1259 1628 ad
1283 1587 1340 1629 nos

335 1675 397 1739 alia
411 1678 556 1760 spectant
582 1673 720 1757 negotia,
735 1673 839 1759 placet
853 1680 892 1738 ut
907 1697 963 1739 vos
988 1697 1065 1760 quos
1092 1698 1147 1742 nec
1174 1677 1340 1742 advocatos

270 1799 278 1808 “
335 1809 392 1851 nec
406 1786 546 1871 partium
562 1785 700 1850 fautores
714 1808 781 1850 esse
796 1786 1004 1870 cognovimus
1019 1809 1146 1852 causam
1170 1788 1340 1874 diligenter

334 1897 561 1984 perpendentes
577 1919 638 1982 quo
653 1897 788 1961 termino
804 1897 901 1982 sopiri
916 1897 1029 1964 debeat
1042 1899 1202 1983 judicetis.
1248 1901 1339 1964 Sece-

334 2008 442 2073 dentes
478 2007 579 2091 igitur
615 2029 635 2071 a
670 2005 764 2070 turba
800 2007 855 2093 qui
892 2008 1028 2092 majores
1058 2018 1135 2074 natu
1166 2010 1222 2095 qui
1258 2009 1339 2094 juris

334 2119 494 2205 peritiores
508 2141 574 2183 esse
589 2117 786 2198 videbantur,
802 2118 929 2203 singula
949 2119 1045 2203 juxta
1066 2121 1150 2206 quod
1173 2121 1340 2195 audierant

335 2229 493 2294 subtiliter
516 2235 558 2294 et
573 2229 705 2293 discrete
728 2235 898 2313 pensantes
925 2251 1051 2294 causam
1076 2231 1338 2314 dijudicaverunt.

337 2341 463 2407 Quibus
482 2340 598 2405 iterum
620 2339 833 2423 introgressis,
849 2339 894 2405 sic
918 2339 1013 2405 unius
1036 2363 1087 2406 ore
1111 2363 1166 2426 pro
1192 2343 1339 2408 omnibus

335 2453 470 2517 relatum
490 2456 547 2516 est.
595 2450 844 2528 considerantes,
861 2450 979 2536 inquit,
994 2457 1096 2516 totam
1120 2453 1216 2538 hujus
1238 2475 1338 2519 causas

335 2562 605 2629 circumstantiam
630 2561 689 2626 hoc
713 2562 904 2626 diffinientes
928 2562 1109 2642 statuimus,
1125 2571 1162 2628 ut
1184 2565 1338 2630 haeredem

330 2674 402 2758 jure
426 2673 480 2760 qui
507 2695 539 2736 se
566 2670 710 2736 nominat
735 2671 768 2736 id
793 2672 878 2755 quod
891 2673 925 2736 in
941 2673 1144 2738 assertionem
1161 2697 1224 2739 suae
1238 2698 1338 2740 causa

334 2785 427 2869 paulo
460 2789 533 2848 ante
565 2782 763 2861 declamavit,
784 2783 916 2847 testibus
948 2782 989 2847 ad
1020 2783 1127 2848 minus
1157 2785 1278 2850 duobus
1299 2787 1338 2851 de

335 2894 468 2960 ecclesiae
495 2893 614 2957 familia
639 2892 746 2956 liberis⁸
769 2898 802 2957 et
828 2893 981 2977 legitimis
1000 2895 1093 2960 hodie
1118 2895 1289 2960 nominatis
1304 2903 1338 2962 et

335 3012 447 3071 octavo
472 3002 644 3089 productis,
668 3001 719 3067 vel
748 3003 945 3088 cyrographo
978 3005 1168 3070 credibiliter
1200 3006 1337 3091 signato,

335 3113 594 3199 irrefragabiliter
617 3112 738 3196 probet.
783 3115 830 3178 At
855 3113 889 3177 in
913 3121 1045 3200 utroque
1070 3116 1095 3180 si
1119 3117 1275 3196 defecerit,
1298 3140 1338 3183 ne

336 3226 463 3313 quidem
485 3223 632 3288 audiatur
653 3223 686 3287 in
702 3223 869 3308 reliquum.
916 3226 1188 3310 Respondentibus
1210 3228 1250 3292 ad
1272 3229 1338 3294 baec

336 3337 482 3403 omnibus
497 3335 632 3420 dignum
659 3343 691 3400 et
709 3334 833 3418 justum
856 3358 932 3416 esse,
947 3337 1177 3422 calumpniator
1192 3338 1335 3403 obticuit.

335 3452 367 3515 A
388 3448 475 3514 curia
496 3447 666 3512 discessum
697 3451 755 3511 est.
800 3449 884 3512 Acta
905 3456 981 3513 sunt
1002 3449 1067 3513 haec
1100 3471 1183 3515 anno
1205 3449 1337 3514 Domini

335 3559 519 3638 MCXXI.;
541 3556 748 3642 praeseutibus
774 3563 806 3623 et
829 3559 913 3643 quod
937 3559 1061 3643 justum
1087 3566 1137 3624 est
1161 3561 1337 3645 approban-

334 3672 421 3738 tibus
446 3669 599 3756 episcopis
624 3667 758 3746 duobus,
786 3668 933 3733 lohanne
949 3669 1104 3734 Batheasi
1130 3678 1163 3735 et
1178 3671 1336 3736 Mauricio

337 3781 561 3861 Hiberniensi;
585 3803 658 3846 cum
680 3779 907 3845 archidiaconis
928 3780 1042 3860 tribus,
1058 3781 1168 3846 Johele
1193 3782 1336 3848 Salesbe·

333 3893 489 3972 1·iensi,et
514 3891 663 3957 Girberto
688 3891 853 3971 Bathcnsi,
883 3896 916 3955 et
952 3892 1084 3972 Araldo,
1107 3915 1180 3957 cum
1215 3893 1336 3958 clericis

334 4005 477 4092 pluribus
492 4013 526 4069 et
540 4002 730 4088 capellanis3
754 4002 901 4067 Atselino
925 4003 1059 4084 Hosato,
1077 4003 1224 4069 Girberto
1239 4005 1335 4083 Rufo,

336 4113 473 4181 Radulfo
505 4113 663 4192 Lauduni,
698 4113 837 4178 Hearico
871 4113 909 4178 de
939 4114 1080 4192 Lidiard,
1102 4113 1264 4180 Radberto
1297 4115 1337 4180 dc

334 4227 483 4302 Betuna;
530 4223 643 4288 horum
685 4228 781 4289 testes
817 4230 904 4304 sunt,
941 4225 1098 4290 Patricius
1120 4217 1178 4291 'de
1223 4227 1336 4305 Caura,

336 4336 499 4406 Hubertus
522 4334 560 4399 dc
585 4336 701 4399 Sancta
727 4335 883 4415 Susanna,
899 4335 1111 4403 Wincbaldus
1136 4339 1175 4403 dc
1200 4339 1337 4418 Baaluu,
