3298 5162
319 549 381 610 300
734 557 906 603 sensnum.

546 714 611 784 [W.‚
630 728 689 766 rus
708 712 937 770 conuersum,
950 727 974 760 v.
987 705 1113 774 Aruns]

356 823 424 878 Cum
437 821 486 875 hcc
499 818 616 874 manerio
630 813 810 885 [Totenehcu]
820 811 947 866 reclamat
956 811 1003 866 W.
1016 807 1175 864 camerarius
1188 808 1228 862 11.
1242 808 1326 872 hidas,

319 930 385 982 quus
397 909 454 980 ejus
467 912 619 962 antecessor
630 903 719 959 tenuit
737 907 855 972 tempore
877 898 948 968 regis
967 897 1099 960 Edwardi.
1113 897 1182 952 sicut
1202 895 1326 950 hundred

321 1001 445 1058 testatur,
464 995 510 1048 sed
528 991 665 1063 episcopus
688 987 841 1044 Bciocensis
854 1005 901 1059 per
914 986 970 1040 vim
983 983 1007 1039 ci
1024 983 1149 1047 obstulit,
1162 987 1191 1038 et
1203 982 1327 1038 Adclulso

321 1105 369 1141 suo
381 1083 524 1139 camerario
537 1079 618 1134 dedit.
655 1077 696 1132 Ib.
710 1078 772 1130 216.

632 1313 759 1380 [Ansmz
772 1327 796 1364 v.
811 1308 905 1362 Hoon
920 1323 957 1362 os
971 1307 1016 1379 Β.]

358 1425 391 1479 In
405 1421 454 1476 bac
466 1421 557 1475 cuidem
577 1415 702 1486 [terrain
714 1414 845 1482 Oustone]
864 1413 992 1467 reclamat
1005 1410 1098 1466 Adeliz
1111 1410 1238 1482 praedicte
1250 1408 1326 1462 dimi·

322 1513 392 1568 diam
403 1511 535 1581 virgatam
544 1513 570 1560 ct
579 1505 666 1560 XXX.
675 1521 748 1557 acras
757 1501 931 1556 intersilvsm
942 1505 969 1554 et
976 1500 1086 1571 planum
1095 1518 1175 1570 super
1185 1499 1328 1568 Hugonem

321 1602 354 1656 de
367 1600 516 1668 Bclcampc,
528 1600 555 1651 st
567 1593 687 1648 homines
702 1591 733 1645 de
746 1589 868 1644 hundred
881 1593 988 1660 portant
1001 1588 1187 1642 testimonium
1199 1586 1268 1658 quod
1279 1587 1328 1639 hac

321 1693 393 1744 terra
402 1687 488 1758 jacuit
500 1688 618 1753 ternpore
631 1679 702 1750 regis
716 1677 841 1734 Edwardi
854 1695 914 1732 cum
928 1675 979 1730 alic
992 1680 1063 1730 terra
1081 1693 1161 1747 quem
1173 1677 1247 1729 tenet
1260 1674 1327 1727 Ade-

321 1777 364 1840 liz,
377 1781 405 1830 ct
418 1774 461 1828 illc
470 1772 515 1844 qui
528 1771 596 1824 hanc
609 1773 707 1822 terram
720 1763 807 1820 tcuuit
819 1763 909 1836 potuit
920 1763 983 1818 dere
996 1763 1037 1818 vel
1050 1763 1164 1816 vendere
1179 1762 1222 1816 cui
1236 1762 1327 1816 voluit.

324 1865 404 1918 Hunc
425 1867 524 1915 terram
545 1855 677 1912 Rudulfus
696 1852 797 1924 injuste
818 1851 963 1922 occupavit,
981 1850 1086 1922 quaudo
1105 1850 1249 1904 vicecomes
1268 1848 1328 1902 suit.

323 1953 366 2008 lb.
380 1952 431 2006 217
446 1948 470 2003 b.

605 2115 735 2184 [Bienor
756 2115 909 2170 Wonsrsn.
946 2114 1052 2184 Wron]

360 2215 527 2270 Bricstuinus
538 2219 656 2288 ternpore
669 2217 737 2286 regis
751 2215 873 2270 Edwardi
893 2215 979 2270 tenuit
989 2215 1016 2268 in
1026 2215 1170 2270 Alvcstone
1177 2215 1244 2270 VII.
1255 2214 1331 2269 hidas

324 2307 353 2358 et
366 2304 516 2359 dimidium.
553 2304 593 2358 De
605 2304 654 2358 hac
666 2308 737 2358 term
750 2303 845 2358 hebuit
858 2303 956 2358 Eldred
968 2302 1179 2374 archiepiscopus
1200 2322 1287 2358 socam
1302 2307 1331 2357 ct

325 2410 423 2454 sacam,
436 2395 462 2445 et
474 2390 512 2445 tol
525 2394 554 2445 et
565 2391 639 2454 teim‚
659 2395 685 2445 et
703 2394 795 2454 comet,
809 2395 836 2445 et
848 2407 940 2444 omues
959 2389 1024 2444 nlius
1045 2390 1217 2444 forisfacturas
1235 2394 1331 2460 preter

326 2477 386 2532 illas
394 2477 467 2533 1111.
480 2497 546 2548 quas
559 2495 603 2532 rex
616 2476 696 2531 habet
708 2496 755 2548 per
767 2481 853 2531 totum
863 2495 984 2546 regnum.
1004 2476 1063 2532 Hoc
1071 2481 1207 2532 testantur
1217 2477 1264 2531 filii
1274 2477 1332 2548 ejus

326 2566 473 2628 Leuuinus,
484 2564 585 2618 Edmsr
597 2568 624 2619 ct
636 2563 681 2618 alii
696 2563 770 2618 1111.
783 2564 828 2620 sed
840 2563 964 2618 nesciunt
976 2563 1008 2618 de
1020 2583 1072 2635 quo
1084 2583 1118 2618 sn
1131 2563 1286 2620 deaecclesis
1297 2585 1331 2619 un

326 2654 357 2708 de
370 2653 465 2708 comite
478 2651 573 2708 Leuric
585 2652 627 2708 cui
640 2651 773 2706 serviebat
786 2653 854 2706 hanc
870 2656 969 2706 terrum
987 2651 1085 2706 tenuit.
1123 2652 1224 2707 Dicunt
1241 2657 1330 2707 tumen

326 2741 395 2811 quod
414 2740 464 2810 ipsi
483 2743 629 2794 tenuerunt
646 2758 704 2793 eum
718 2739 749 2793 de
762 2739 793 2793 Ii.
806 2739 911 2802 comite,
924 2743 951 2794 ct
967 2757 1019 2810 quo
1037 2739 1162 2794 volebant
1180 2759 1240 2794 cum
1261 2745 1332 2795 terre

320 2824 449 2900 'poteraut
461 2847 488 2882 se
501 2833 609 2883 vedere.
640 2827 765 2898 Reliquus
784 2832 875 2881 sutem
889 2827 957 2881 v11.
970 2825 1047 2880 hides
1060 2831 1087 2881 et
1099 2826 1237 2881 dimidiam
1247 2827 1336 2882 tenuit

328 2916 484 2971 Britnoldus
496 2919 525 2969 et
538 2914 619 2969 nluui
632 2919 751 2984 tempore
764 2914 834 2983 regis
847 2914 979 2968 Edwardi.
1016 2914 1067 2969 Scd
1085 2915 1227 2970 comitatus
1246 2915 1331 2969 nescit

327 3004 359 3058 de
371 3021 424 3074 quc
436 3001 581 3056 tenuerint.
618 3000 760 3054 Wlstunus
773 3001 908 3070 episcopus
923 3001 989 3058 dicit
1001 3021 1029 3056 se
1039 3002 1106 3056 hunc
1114 3009 1211 3057 terram
1222 3001 1333 3073 dcplsci-

328 3097 398 3144 tasse
410 3107 496 3143 comm
509 3087 602 3158 regins
620 3087 755 3141 Mathildc
768 3088 796 3140 iu
809 3089 951 3158 presentis
964 3090 1037 3145 1111.
1051 3089 1293 3154 vicecomitatum,
1306 3095 1335 3145 et

329 3177 390 3232 inde
398 3175 478 3230 habet
488 3174 580 3230 breves
590 3175 659 3246 regis
668 3174 805 3238 willelmi,
813 3179 842 3230 ct
850 3176 1033 3231 testimonium
1043 3177 1186 3232 comitatus
1196 3177 1334 3231 Wsruuic.

328 3265 370 3320 lb.
384 3265 436 3319 238
449 3263 474 3318 b.

549 3451 691 3520 [Cnoscrr
711 3467 748 3506 or
767 3451 810 3506 Sr.
831 3451 921 3506 Mirr
933 3471 956 3506 v.
971 3452 1112 3522 Bonum]

365 3556 399 3611 In
413 3557 462 3610 hoc
480 3557 599 3611 manerio
620 3556 791 3626 [Brunselde]
811 3560 928 3627 tempore
947 3556 1017 3627 regis
1037 3555 1161 3611 Edwardi
1176 3560 1253 3612 crant
1271 3555 1334 3610 XX.

329 3644 407 3708 hidre,
429 3648 458 3698 et
482 3648 571 3698 totum
595 3641 729 3698 habebunt
748 3643 817 3697 XII.
835 3643 954 3698 canonici
974 3644 1056 3715 ipsius
1075 3644 1197 3699 aecclesiae
1216 3645 1335 3714 [Sancte

331 3732 448 3801 Merite}
485 3732 564 3786 Unus
579 3749 669 3785 corum
683 3731 783 3802 Spirtcs
796 3731 903 3786 nominc
916 3732 1025 3787 tenebat
1037 3731 1108 3786 solus
1121 3731 1155 3787 X.
1168 3731 1252 3786 hides.
1284 3730 1334 3786 Sed

330 3839 392 3874 cum
404 3819 498 3873 suisset
510 3819 632 3873 exulatus
645 3817 679 3872 ab
697 3817 806 3890 Anglia‚
824 3819 898 3873 dedit
917 3837 961 3873 rox
983 3819 1131 3874 Edwardus
1150 3819 1198 3874 hes
1211 3819 1245 3874 X.
1258 3819 1334 3874 hidas

332 3905 448 3960 Robcrto
460 3905 514 3960 filio
528 3905 663 3960 Wimarch
677 3905 745 3961 sicut
758 3905 892 3960 canonico.
930 3906 1064 3961 Robcrtus
1072 3925 1134 3961 vero
1142 3907 1216 3961 dedit
1223 3907 1335 3962 eandem

330 3997 427 4048 terram
447 3992 552 4047 cuidam
571 4010 618 4047 suo
631 4011 736 4064 genero.
773 3992 849 4061 Quod
867 4012 927 4046 cum
946 3993 1065 4048 canonici
1087 3993 1251 4049 indicassent
1270 3993 1334 4064 regi,

330 4078 469 4134 confestim
483 4080 608 4150 praecepit
619 4079 652 4134 sd
665 4079 810 4134 {ecclesium
822 4085 921 4134 terrum
936 4079 1046 4144 reverti,
1059 4081 1247 4136 tantummodo
1260 4081 1336 4134 indu-

330 4167 402 4220 ciaus
415 4166 497 4220 donec
509 4166 542 4220 cd
554 4165 656 4220 curium
670 4167 798 4222 instantis
811 4167 917 4222 Natalis
931 4168 1040 4223 Domini
1055 4169 1169 4223 Robcrto
1177 4169 1286 4240 juberet
1305 4174 1336 4223 ut

331 4272 428 4325 genero
441 4271 488 4306 sno
501 4258 599 4308 terram
613 4253 691 4308 sliam
706 4253 864 4324 provideret.
903 4255 964 4325 Ipsc
977 4259 1068 4310 cutum
1082 4275 1126 4310 rcx
1138 4255 1167 4310 iu
1180 4255 1245 4327 ipsis
1258 4255 1333 4310 sestis
