3280 5132
338 652 378 713 14
583 672 716 718 ensem
739 672 1088 720 suono-nonunuums.

335 887 459 969 [Amor
482 887 656 952 Gnossnnr
669 910 698 953 o.
714 889 839 952 B1su0r
863 889 1017 953 Suosun.
1059 890 1338 954 Eccnusrssrmsn.

708 1000 824 1064 Aaour
841 999 951 1083 loru]

336 1172 404 1237 [Tho
419 1174 515 1238 bishop
531 1175 559 1224 of
576 1175 728 1225 (ihiohester
744 1173 865 1238 required
880 1175 916 1239 by
928 1176 974 1224 the
985 1175 1050 1239 king
1061 1179 1088 1224 to
1100 1175 1190 1225 indnot
1201 1177 1247 1225 the
1258 1177 1338 1226 abbot

641 1252 672 1301 oi
680 1253 768 1302 Battel
779 1257 808 1304 at
820 1251 1032 1318 BattelAbbey.]

335 1390 533 1456 Gsusaaaro
558 1389 664 1475 itaquo
691 1389 800 1469 eleeto,
824 1412 897 1454 eum
923 1391 963 1454 od
990 1413 1062 1455 eum
1089 1391 1337 1458 benedicendum

332 1500 495 1585 episeopus
520 1500 724 1566 Cioestrensis
750 1501 927 1586 Stigandus
949 1501 1130 1566 nullatenus
1160 1503 1336 1584 assentiret,

333 1611 395 1676 nisi
410 1611 595 1676 Cicestriam
611 1611 840 1677 benedicendus
862 1611 972 1689 adiret,
989 1635 1095 1698 regem
1110 1613 1223 1678 haedo
1245 1637 1338 1679 causa

333 1722 482 1808 providus
514 1723 609 1786 abbas
641 1729 733 1787 caute
759 1722 861 1787 adivit
872 1749 882 1801 3
914 1746 1041 1788 oausam
1071 1725 1229 1809 exposuit,
1259 1725 1336 1810 quid

333 1835 491 1919 agendum
507 1834 588 1900 foret
602 1833 777 1918 inquisivit.
824 1835 896 1900 Quo
912 1835 1051 1919 oognito,
1070 1835 1260 1919 indignatus
1282 1859 1336 1902 rex

333 1945 475 2029 episeopo
505 1943 729 2008 interminatus
758 1943 916 2028 praecepit,
949 1945 1099 2028 quatinus
1124 1946 1271 2011 abbatem
1301 1946 1358 2010 in*

332 2055 460 2120 eeclesia
475 2053 584 2120 Sancti
600 2053 736 2118 Martini
751 2054 790 2118 de
806 2054 905 2134 Bello,
920 2055 1008 2120 omni
1030 2061 1151 2120 remota
1166 2055 1334 2132 calumnia,

332 2167 547 2244 benedicerem
571 2188 607 2230 eo
628 2165 725 2231 etiam
752 2165 854 2243 modo,
879 2172 917 2230 ut
940 2167 1004 2232 illio
1029 2167 1106 2251 ipse,
1131 2167 1180 2232 vel
1206 2191 1335 2233 suorum

332 2277 457 2364 aliquis,
471 2276 580 2342 eodem
602 2274 652 2341 die
674 2299 713 2340 ex
728 2277 955 2341 consuetudine
976 2300 1034 2342 neo
1049 2277 1263 2362 hospitaretur
1278 2301 1335 2345 neo

332 2388 440 2453 eibum
464 2388 591 2473 quidem
617 2393 764 2468 sumeret,
780 2387 814 2452 in
837 2388 1055 2453 testimonium
1074 2389 1220 2454 videlieet
1241 2390 1334 2456 liber·

332 2500 409 2566 tatis
424 2500 562 2585 ejusdem
578 2499 721 2565 eeclesia.

514 2943 621 3026 [Snus
644 2943 791 3007 Pnnrms.
838 2943 1153 3027 Eocms1ssrrcsn.]¹

334 3113 471 3178 [Freedom
481 3112 510 3163 oi
521 3113 609 3162 Battel
620 3111 711 3176 Abbey
722 3112 787 3162 from
795 3113 961 3177 jurisdiction
972 3114 1003 3162 of
1010 3114 1056 3162 tho
1067 3113 1161 3176 bishop
1172 3114 1202 3162 οἰ
1210 3113 1332 3165 Ohiohes·

559 3193 600 3238 ter
610 3190 771 3239 determinati
781 3190 818 3255 by
829 3191 874 3240 tho
886 3190 979 3254 King's
991 3189 1093 3256 Gourt]

332 3333 464 3397 Aaaaru
480 3329 580 3412 igitur
595 3327 784 3407 Gausberto‚
799 3335 832 3393 et
847 3329 940 3413 regia
956 3329 1131 3413 majestatis
1146 3332 1331 3411 reverentia,

332 3449 365 3508 et
379 3441 505 3527 propria
518 3439 697 3523 prudentia,
714 3439 887 3522 plurimum
907 3461 1013 3504 eoram
1036 3439 1127 3523 regni
1141 3440 1332 3524 primoribus

331 3552 459 3618 honoris
474 3550 578 3615 locum
589 3549 762 3634 optinente,
775 3548 911 3634 episcopi
927 3553 1033 3614 tamen
1045 3549 1205 3615 Oioestriae
1219 3551 1332 3636 saepius

331 3663 534 3730 infestatione
557 3660 740 3727 vexabatur.
785 3659 898 3744 Ipsum
927 3681 1041 3745 nempe
1070 3661 1217 3727 sinodum
1248 3664 1332 3748 apud

332 3774 517 3841 Ciuestriam
539 3771 625 3837 adire
648 3770 879 3849 summonebat,
894 3770 1053 3836 abbatiam
1069 3772 1158 3856 quusi
1181 3774 1221 3837 ad
1242 3796 1332 3838 suam

329 3886 478 3951 diocesim
514 3884 726 3968 pertinentem
764 3881 909 3966 plurimis
945 3881 1111 3946 calumniis
1157 3884 1332 3968 opprimere

331 3996 499 4081 quarebat‚
514 4000 552 4058 ut
574 3994 693 4058 scilieet
718 3994 752 4057 in
773 4016 809 4058 ea
828 3993 879 4058 vel
900 3993 933 4056 in
957 3993 1016 4072 his,
1032 4017 1102 4078 qua
1125 3993 1210 4058 illius
1231 4000 1331 4073 erant,

331 4106 391 4171 sibi
406 4110 463 4169 aut
487 4104 622 4170 eeclesiae
647 4127 709 4168 suae
732 4104 838 4168 aditus
860 4104 1043 4168 dominandi
1064 4103 1177 4188 aliquis
1199 4111 1331 4188 pateret.

333 4215 426 4283 Quod
449 4236 625 4300 praecavens
645 4214 751 4294 abbas,
766 4215 832 4280 haeo
858 4214 973 4278 iterum
996 4213 1089 4298 regiae
1111 4215 1225 4279 intulit
1239 4215 1331 4280 aulae.

366 4401 372 4433 ¹
392 4401 487 4452 chron.
500 4401 568 4450 Mon.
581 4401 613 4450 de
625 4401 704 4460 Bello,
717 4401 749 4451 25
764 4401 842 4464 (Aug.
856 4401 939 4450 Chris.
951 4401 1030 4463 Son).
1178 4400 1189 4432 ²
1207 4401 1245 4450 Ib.
1258 4403 1298 4451 26.
