3280 5132
354 611 395 678 72
601 624 738 673 amorra
759 623 1109 670 arom-uonanrrror.

616 779 772 864 [Cnoson
795 797 835 842 or
859 777 912 842 Sr.
937 775 1095 864 Βιιιιιι]ι

353 903 421 970 [rna
439 903 526 969 kingda
546 903 607 952 vrit
626 901 755 965 dimoting
771 901 831 951 that
848 899 894 950 tha
912 900 1243 952 damnassemus
1258 903 1308 964 put
1325 900 1354 948 in

543 981 623 1032 asisin
633 981 665 1030 of
671 980 772 1030 oertain
782 979 867 1040 lande,
878 994 947 1039 men,
959 979 1011 1028 and
1021 978 1153 1044 bor-durs]

353 1083 407 1150 W.
436 1106 491 1150 rex
523 1081 703 1167 Anglorum
735 1081 780 1146 H.
804 1080 914 1145 comiti
938 1086 971 1146 et
995 1079 1162 1146 Gosoelino
1187 1080 1354 1166 praeposito

352 1195 498 1262 salutern.
541 1193 691 1278 Praecipio
714 1191 805 1258 vobis
828 1197 866 1256 ut
889 1191 1036 1277 sayaiatis
1059 1191 1219 1258 abbatiam
1245 1189 1355 1258 Sancti

352 1305 517 1374 Benedicti
540 1311 573 1372 et
599 1303 804 1389 Banulphnm
831 1304 1022 1368 monachum
1047 1305 1087 1370 de
1116 1310 1244 1370 centum
1273 1302 1353 1368 acris

352 1423 443 1484 terra
468 1423 502 1483 et
525 1439 580 1482 sex
603 1415 683 1480 acris
708 1414 803 1499 prati,
817 1420 851 1480 et
873 1414 912 1480 de
936 1415 1023 1481 1111.
1047 1415 1241 1495 hominibus,
1256 1421 1290 1481 et
1314 1414 1353 1479 de

352 1527 491 1612 triginta
525 1526 604 1592 acris
633 1525 667 1590 in
696 1525 799 1610 burgo
827 1525 861 1591 e't
889 1526 928 1590 de
948 1526 1060 1592 ‚tribus
1088 1525 1242 1592 bordariis
1271 1525 1354 1591 sicut

351 1637 481 1704 ecclesia
507 1636 617 1703 Sancti
641 1635 808 1701 Benedicti
832 1635 905 1702 inde
930 1644 998 1703 erat
1021 1637 1139 1723 saysita
1162 1659 1198 1703 eo
1223 1637 1275 1703 die
1289 1659 1352 1723 quo

212 1785 217 1792 ·
351 1755 443 1835 pater
458 1771 548 1814 meus
563 1748 625 1813 fuit
640 1747 731 1812 vivus
746 1751 780 1813 et
794 1752 949 1814 mortuus.
994 1749 1041 1814 Bt
1063 1748 1170 1814 sciatis
1193 1749 1276 1834 quod
1291 1748 1353 1813 ista
1378 1767 1381 1773 '

352 1866 437 1927 terra
459 1858 635 1925 inbreviate
659 1858 721 1923 fuit
746 1859 780 1922 in
805 1858 884 1923 meis
907 1858 1055 1925 brevibus
1069 1859 1110 1925 ad
1124 1883 1203 1944 opus
1217 1859 1352 1925 ecoleaiae

353 1971 462 2037 Sancti
481 1969 644 2036 Benedicti
668 1969 724 2055 qui
748 1975 825 2035 sunt
849 1969 885 2034 in
908 1971 1055 2036 thesauro
1073 1993 1142 2036 meo
1157 1971 1352 2056 Wyntoniae.

350 2083 396 2148 Bt
419 2083 478 2148 hoc
503 2087 664 2147 testantur
686 2080 795 2145 breves
821 2080 884 2146 mei
908 2080 947 2146 de
973 2081 1009 2146 C.
1026 2082 1105 2146 acris
1129 2089 1218 2146 terra
1240 2087 1274 2146 et
1288 2081 1351 2149 VI.

350 2193 433 2260 acris
457 2193 541 2278 prati
564 2198 599 2257 et
624 2197 760 2277 quatuor
781 2191 964 2256 hominibus
988 2191 1022 2256 in
1036 2193 1231 2278 Wynterton
1245 2197 1279 2258 et
1293 2191 1350 2257 tri·

351 2305 444 2390 ginta
459 2303 539 2369 soris
555 2303 588 2367 in
605 2304 690 2368 Bure
705 2309 738 2368 et
753 2303 822 2367 ΙΙΙ.
836 2301 1001 2370 bordariis.
1037 2302 1183 2370 'Postibus
1208 2303 1351 2390 episcopo

349 2415 558 2481 Dunelmensi
573 2421 606 2481 et
621 2415 675 2480 W.
690 2412 884 2480 cancellario.

633 2677 734 2762 [Casu
755 2695 795 2740 or
818 2676 916 2740 Fir-rr
939 2675 1069 2760 Mar.]⁸

348 2799 437 2866 [urcy
447 2814 514 2860 men,
526 2799 636 2849 mac
647 2799 677 2848 or
689 2779 782 2861 dreng
792 2803 865 2862 sagr
875 2799 904 2848 n
915 2800 961 2849 ιιο
971 2800 1059 2864 unga
1069 2800 1152 2851 roma
1162 2801 1274 2852 winone
1290 2818 1349 2867 por.

460 2876 576 2936 missioni,
588 2890 669 2938 purge
680 2875 839 2924 themselves
849 2877 885 2940 by
896 2876 943 2926 the
954 2878 1042 2926 ordssl
1053 2877 1083 2927 of
1096 2878 1144 2927 hot
1154 2878 1234 2944 iron.]

349 2980 610 3059 Qumqunernra
624 2977 747 3043 circiter
761 2977 822 3042 viri
837 2977 952 3062 quibus
973 2979 1075 3045 adhuc
1092 2979 1156 3045 illis
1176 2981 1296 3062 diebus,
1310 3005 1350 3048 ex

295 3083 298 3090 ¹
347 3085 480 3175 antiqua
490 3087 669 3174 Anglorum
685 3087 894 3174 ingenuitate,
904 3089 1087 3158 divitiarum
1099 3092 1241 3176 quaedam
1253 3093 1348 3165 cesti.

348 3202 404 3286 gia
418 3200 553 3265 arridere
567 3198 765 3278 videbantur,
781 3199 868 3284 capti
890 3206 977 3281 sunt,
996 3208 1029 3267 et
1047 3201 1243 3284 calumniati,
1266 3206 1349 3290 quod

348 3335 455 3378 cervos
464 3309 548 3396 regis
557 3309 706 3396 ceperint,
711 3310 1203 3402 mactaverintmanduoaverint.
1216 3316 1350 3400 Negant

348 3422 396 3489 illi
400 3449 410 3503 3
432 3421 516 3487 unde
530 3421 642 3486 statim
657 3421 866 3506 adjudicium
880 3422 974 3507 rapti,
989 3423 1181 3508 judicantur,
1196 3425 1348 3512 injectam

347 3532 549 3613 calumniam,
567 3531 711 3597 examine
730 3531 828 3616 igniti
846 3533 965 3614 ferris
984 3556 1016 3598 se
1036 3536 1214 3620 propulsare
1228 3538 1348 3604 debere.

348 3648 478 3712 Statuto
493 3643 600 3729 itaque
614 3643 676 3724 die,
690 3643 810 3728 praefixi
827 3666 926 3728 poenae
947 3643 1061 3728 judieii
1080 3646 1199 3731 pariter
1224 3649 1348 3715 subacti

345 3762 424 3824 sunt
436 3762 557 3822 remota
570 3754 688 3840 pietate
703 3760 736 3821 et
750 3754 970 3820 misericordia
994 3756 1075 3821 Erat
1088 3779 1175 3841 ergo,
1189 3759 1347 3826 miseriam

345 3869 461 3948 videre,
471 3890 581 3933 verum
592 3865 791 3950 omnipotens
800 3867 888 3932 Deus
901 3867 953 3931 cui
963 3867 1207 3934 misericordiam
1218 3878 1252 3936 et
1260 3871 1347 3956 judi·

345 3980 431 4044 cium
445 3979 532 4043 canit
543 3977 715 4042 Dauidicus
724 3976 879 4057 Psalmus,
888 3976 1069 4042 innocentia
1082 4001 1200 4060 eorum,
1215 3983 1348 4048 servatis

344 4088 586 4155 misericorditer
610 4087 650 4152 ab
680 4087 843 4153 exrrstione
871 4088 1017 4154 manibus
1046 4091 1200 4172 omnium,
1225 4094 1348 4159 cunctis

343 4198 495 4277 ostendit,
506 4204 539 4263 et
553 4197 677 4262 malitia
690 4197 855 4262 hominum
871 4221 923 4263 eos
937 4199 1034 4284 impie
1048 4200 1206 4268 destruere
1218 4204 1346 4289 cupien-

343 4313 425 4378 tium
441 4331 536 4395 quam
551 4308 674 4393 injusta
688 4308 794 4388 ruerit,
808 4310 897 4394 justo
910 4309 1030 4396 judicio
1045 4310 1225 4380 declaravit.

377 4441 386 4480 ¹
403 4443 602 4505 Monostioon,
613 4443 647 4496 86
660 4441 712 4511 (ed.
724 4441 811 4509 1846).
1008 4447 1019 4480 ¹
1036 4446 1108 4498 Hirr.
1119 4448 1260 4512 Novomm,
1271 4451 1312 4504 48.
