3286 5142
339 537 401 599 154
584 552 716 598 rmorre
738 549 1085 596 mmo-rosummos.

335 705 526 791 omniaque
540 702 580 770 ed
600 703 724 770 eosdem
749 702 894 769 ecelesias
918 703 1089 788 pertinent,
1110 707 1145 768 et
1170 700 1338 766 dimidium

336 815 564 894 molendinum,
577 822 611 880 et
624 815 825 880 medietatem
840 821 930 880 terrae
945 837 1014 900 quse
1028 814 1069 879 nd
1087 813 1167 878 illud
1191 813 1340 898 pertinet,

336 927 452 992 liberes
466 932 500 992 et
513 927 636 1012 quietas
650 925 690 990 sb
705 926 794 991 omni
812 927 975 991 exactione
999 931 1033 992 et
1055 925 1282 992 eonsuetudine
1306 930 1340 990 et

337 1038 466 1103 servitio
479 1038 564 1124 quod
578 1037 620 1103 sd
634 1060 685 1102 me
698 1037 838 1123 pertinet
852 1043 885 1102 et
899 1036 940 1101 ed
956 1035 1091 1102 haeredes
1106 1058 1203 1112 meos,
1218 1035 1253 1100 in
1267 1057 1338 1120 per·

337 1155 467 1236 petuam
481 1150 695 1217 elemosinam.
738 1151 897 1230 Testibue,
912 1153 984 1216 eto.¹

384 1363 550 1442 Henrious,
566 1385 621 1428 rex
636 1363 775 1447 Angliae,
792 1363 930 1428 Roberto
945 1361 1090 1446 episeopo
1103 1357 1339 1436 Linoolniensi,¹

337 1481 371 1542 et
402 1475 536 1559 Hugoni
567 1475 605 1540 de
632 1474 895 1559 Boohinghnmia,
922 1479 955 1540 et
983 1473 1131 1538 omnibns
1156 1471 1339 1547 baronibus,

339 1587 469 1651 Frsnois
484 1577 658 1671 et'Anglis,
673 1585 712 1650 de
728 1585 934 1665 Middelsexn,
958 1585 1103 1649 salutem.
1149 1583 1265 1647 Sciatis
1289 1603 1339 1645 me

337 1696 525 1762 oonoessisse
541 1698 657 1762 Sancto
672 1696 765 1761 Petro
779 1697 819 1762 de
835 1695 1043 1772 Glouoestrie,
1057 1702 1091 1762 et
1114 1681 1208 1759 Petro
1230 1691 1340 1757 abbati

338 1814 372 1874 et
386 1807 548 1874 monachis
563 1808 630 1873 suis
645 1808 683 1873 de
699 1807 908 1888 Glouoeetrin,
932 1807 1094 1872 ecelesiam
1120 1805 1159 1871 ds
1184 1805 1338 1869 Wireoes-

337 1918 431 2006 bury,
445 1926 479 1985 et
492 1918 652 1984 ecelesiam
663 1919 701 1984 de
711 1918 935 1998 anerlrestou,
945 1941 1024 2003 ques
1035 1917 1194 1983 Robertus
1207 1915 1339 1981 Gomon

337 2030 382 2096 eis
396 2031 494 2111 dedit,
512 2035 546 2096 et
563 2030 669 2096 omnia
687 2053 755 2115 quae
770 2030 811 2095 ed
825 2030 949 2094 easdem
963 2028 1107 2094 ecelesias
1121 2027 1292 2114 pertinent,
1306 2032 1340 2090 et

337 2141 507 2206 dimidium
540 2141 766 2219 molendinum,
793 2146 827 2207 et
852 2141 1055 2206 medietatem
1079 2146 1170 2206 terrae
1201 2162 1270 2224 quae
1299 2137 1341 2202 nd

336 2252 417 2316 illud
435 2252 583 2337 pertinet.
627 2253 672 2316 Et
687 2251 758 2316 volo
772 2258 806 2317 et
820 2251 965 2337 praeoipio
979 2259 1017 2316 ut
1030 2251 1110 2318 bene
1124 2257 1157 2316 et
1172 2248 1340 2316 honorilioe

336 2368 477 2429 teneant.
521 2362 614 2428 Teste
632 2362 770 2427 Metildn
787 2363 907 2448 regins.

371 2497 470 2563 [Leton
483 2500 510 2548 in
521 2501 567 2549 the
577 2500 652 2562 reign
668 2500 699 2548 of
711 2499 803 2564 Hem-y
814 2499 859 2560 11,
877 2499 979 2550 Gilbert
995 2501 1024 2550 ol
1039 2498 1209 2550 Monteflelret
1227 2512 1340 2562 uppem

336 2579 365 2625 to
376 2576 443 2625 heve
454 2577 573 2627 asserted
582 2577 623 2627 his
632 2577 709 2627 olsim
720 2592 800 2635 enew,
812 2577 857 2627 the
869 2577 1001 2642 following
1011 2579 1071 2627 writ
1082 2577 1161 2642 being
1170 2573 1338 2638 ἰωκάς-Ρ

383 2691 552 2771 Henrious,
569 2715 625 2756 rex
643 2691 780 2775 Angliae,
798 2691 866 2756 dux
883 2691 1088 2757 Normsnniae
1103 2696 1136 2756 et
1146 2689 1339 2776 Aquitanis,

336 2807 370 2867 et
387 2825 490 2867 eomes
508 2801 713 2887 Andegeviae,
735 2800 879 2866 Gilberto
897 2801 935 2866 de
958 2801 1179 2882 Montefiohet,
1193 2801 1338 2866 salutem.

338 2911 490 2996 Praeoipio
523 2911 583 2975 tibi
624 2911 707 2996 quod
734 2912 900 2995 permittes
928 2913 1098 2978 monnohos
1136 2912 1339 2978 Gloueestriae

337 3029 442 3088 tenere
457 3022 491 3086 in
506 3044 590 3106 paee,
607 3028 639 3085 et
657 3021 762 3101 libere,
776 3027 811 3086 et
834 3022 1014 3099 honorilice,
1036 3029 1070 3089 et
1091 3025 1188 3108 juste,
1203 3023 1340 3088 deoimss

338 3139 373 3200 et
386 3133 537 3199 beneficis
561 3132 760 3198 eeclesiarum
784 3156 913 3198 suerum
936 3134 975 3198 de
991 3133 1222 3220 Wireoesbury,
1245 3134 1340 3200 etde

340 3244 521 3330 Langeleie.
566 3246 611 3309 Et
625 3244 686 3309 nisi
702 3243 821 3324 feoeris,
836 3245 1032 3329 justiciarius
1046 3267 1135 3310 meus
1150 3245 1246 3311 faeiat
1261 3245 1338 3309 fieri.

338 3357 430 3421 'Peste
444 3355 637 3421 cancellario.
1078 3427 1082 3443 Ι

452 3489 529 3556 [This
540 3507 594 3542 wne
605 3490 712 3555 obeyed,
724 3491 776 3540 end
786 3490 833 3541 the
843 3489 975 3555 following
983 3495 1062 3555 grnnt
1072 3491 1148 3541 mods
1156 3490 1227 3556 =-]⁴

382 3595 495 3660 Comes
524 3593 699 3672 Gilbertus,
713 3592 860 3656 omnibus
874 3592 1043 3657 baronibus
1058 3598 1091 3658 et
1106 3592 1288 3658 hominibus
1302 3591 1340 3656 de

339 3707 456 3771 honore
473 3704 627 3770 Willelmi
642 3704 681 3769 de
696 3703 906 3784 Mundiiohet,
930 3703 1060 3768 Francis
1081 3710 1114 3769 et
1139 3704 1267 3788 Anglis,
1291 3726 1340 3768 se·

338 3816 450 3882 lutem.
497 3815 612 3880 Sciatis
648 3837 699 3880 me
735 3814 905 3879 reddidisse
934 3815 1096 3880 monachis
1126 3813 1341 3893 Glouoestriae,

340 3934 492 4010 tanquam
519 3947 611 3990 suum
637 3932 769 4006 rectum,
799 3926 960 3992 eeclesiam
990 3927 1029 3993 de
1052 3927 1286 4013 Wireoesbury,
1308 3933 1341 3991 et

375 4060 383 4093 Ι
425 4060 431 4070 .

372 4135 384 4168 ²
401 4060 467 4184 Islidll
478 4135 551 4184 1123.
584 4135 626 4184 He
638 4135 689 4184 hod
705 4137 773 4186 been
783 4138 929 4188 ohnnoellor
945 4139 1028 4188 under
1039 4139 1152 4189 william
1163 4139 1210 4201 IL,
1227 4139 1279 4188 end
1287 4139 1342 4204 jns·

341 4213 417 4264 tioier
428 4211 510 4260 under
520 4212 566 4261 the
577 4216 683 4274 present
700 4213 790 4277 Hsnry
802 4214 823 4262 I.

373 4290 385 4322 ³
402 4287 523 4338 20hron.
537 4289 606 4338 Mon.
620 4287 961 4354 Glouo.165(Reo.Gom.).
1209 4293 1220 4325 ⁴
1240 4294 1278 4341 lb.
