3286 5142
357 599 419 662 126
602 615 735 662 rmum
757 615 1106 664 suero-rouunumcn.

616 795 754 878 [Moris
776 812 816 858 or
839 793 1093 878 Gnoocnsmn.]¹

352 942 420 1010 [The
439 943 525 1007 kingfs
550 943 611 992 vrit
633 943 784 1006 exempting
801 943 847 992 the
869 943 962 992 monks
983 943 1013 991 of
1038 943 1192 992 Glouoester
1208 941 1275 990 from
1295 939 1351 999 toll,

684 1023 810 1080 eustoms,
821 1019 873 1068 end
885 1018 1018 1084 passage]

353 1148 536 1227 Hurmcus
553 1170 609 1213 rex
624 1147 764 1231 Angliae,
780 1147 929 1211 omnibns
944 1145 1181 1212 vicecomitibus
1196 1153 1228 1210 et
1243 1146 1352 1211 minis-

349 1259 409 1323 tris
438 1258 538 1324 totius
568 1257 708 1342 Angliae,
739 1258 883 1322 salutem.
942 1257 1094 1343 Praecipio
1123 1257 1206 1341 quod
1235 1257 1353 1342 proprii

350 1370 493 1437 homines
508 1368 732 1433 monachorum
747 1367 786 1432 de
802 1366 1010 1446 Glouoestrie,
1024 1373 1057 1432 ct
1071 1367 1187 1445 victus,
1202 1374 1235 1433 et
1252 1391 1351 1433 corre-

350 1481 560 1559 diametros
575 1477 753 1562 ubicunque
768 1477 901 1542 emerint
928 1483 961 1543 et
986 1477 1186 1544 vendiderint
1211 1479 1251 1544 ud
1274 1503 1353 1565 opus

349 1612 442 1654 suum
457 1587 628 1674 proprium,
645 1587 711 1652 sint
726 1587 824 1672 quieti
839 1589 878 1652 ab
894 1587 982 1653 omni
1003 1588 1160 1670 theloneo,
1176 1595 1208 1654 et
1222 1613 1351 1656 consue·

349 1700 471 1778 tudine,
487 1705 521 1763 et
535 1697 691 1782 passagio.
735 1699 781 1762 Et
794 1698 944 1782 prohibeo
958 1721 998 1764 nc
1013 1698 1187 1783 aliquiseos
1196 1701 1352 1768 disturbet

350 1832 443 1894 super
472 1808 578 1873 decem
607 1807 703 1872 libras
724 1807 940 1875 forisfacturae.
985 1809 1077 1877 Teste
1100 1810 1204 1878 Raun.
1230 1815 1349 1880 cancel-

349 1921 426 1986 lario
440 1918 526 2005 apud
540 1918 757 1985 cirecestram.

612 2507 749 2593 [Morus
771 2528 811 2575 or
839 2506 1091 2593 omnemne?

734 2666 976 2734 [nominaris]

351 2820 533 2898 Hmrmoos,
562 2841 617 2884 rex
654 2819 793 2906 Anglioe,
822 2820 966 2886 Waltero
1002 2820 1041 2885 de
1078 2818 1288 2904 Bellocsmpo‚
1317 2823 1350 2883 et

348 2929 505 2994 ministris
533 2930 609 3011 suis,
635 2931 764 2996 Francis
789 2936 822 2996 et
857 2931 985 3016 Anglis,
1012 2931 1051 2996 de
1076 2928 1349 3016 Wyrecestresiro,

348 3040 494 3106 salutem.
540 3041 690 3124 Praecipio
705 3041 790 3125 quod
804 3063 913 3106 omncs
932 3063 980 3107 res
1001 3040 1227 3106 monachorum
1251 3037 1350 3104 Glou·

347 3151 476 3229 cestrie,
492 3156 525 3216 et
540 3151 634 3232 coria,
650 3157 683 3216 et
698 3157 843 3233 tannum,
866 3159 899 3218 et
919 3175 1027 3232 naves,
1042 3158 1075 3218 et
1097 3150 1246 3238 quicquid
1267 3172 1349 3216 eme·

347 3261 413 3328 rint
427 3263 480 3328 vel
495 3263 656 3343 duxerint,
672 3287 741 3348 quae
765 3287 873 3329 eorum
898 3265 1044 3330 homines
1068 3268 1202 3348 possunt
1224 3261 1350 3328 affidare

348 3396 414 3440 esse
428 3396 486 3438 ruo
500 3372 667 3454 dominica,
683 3373 749 3439 sint
764 3373 872 3459 quieta
885 3374 926 3440 ab
941 3374 1028 3440 omni
1043 3373 1199 3454 theloneo,
1212 3379 1245 3439 et
1263 3374 1350 3439 omni

347 3484 580 3550 consuetudine.
625 3486 670 3549 Et
688 3484 820 3551 defendo
843 3508 936 3571 super
960 3486 1067 3551 decem
1092 3483 1188 3550 librae
1211 3484 1349 3552 forisfac-

346 3603 427 3662 turce
441 3619 481 3661 ne
495 3594 669 3681 uliquiseos
678 3596 846 3662 disturbet.
891 3597 983 3662 Teste
992 3595 1136 3663 Waltero
1147 3596 1350 3663 Gloueestriae

347 3708 431 3792 apud
448 3707 689 3774 Glouoestriam.

413 3919 422 3952 ¹
440 3921 456 3968 2
468 3919 563 3970 Ghmn.
574 3919 644 3970 Mon.
656 3919 745 3970 Glonc.
756 3919 805 3969 182
817 3917 889 3984 (Reo.
901 3916 990 3982 Gom).
1148 3916 1160 3950 ²
1177 3918 1215 3966 Ib.
1228 3920 1284 3967 134.
