3280 5132
379 665 420 728 68
624 680 759 728 rnscrrs
782 678 1138 728 sunno-uonnnuurcs.

376 834 567 914 Oxenelord‚
581 857 638 920 pro
663 834 851 920 quibusdam
881 835 939 900 sub
964 833 1052 898 illius
1071 853 1170 896 manu
1192 827 1382 914 degentibus

376 951 410 1010 et
423 945 531 1011 abbati
547 945 698 1030 injuriam
713 944 929 1024 inferentibus,
946 941 1134 1022 transmisit,
1149 941 1196 1006 ita
1209 939 1367 1026 jubendo:

421 1054 636 1134 Wnillelmns,
652 1078 707 1120 rex
722 1056 913 1140 Auglorurn,
930 1057 1023 1120 Petro
1037 1053 1076 1119 de
1092 1051 1281 1130 oxeneford,
1297 1050 1380 1116 salu·

376 1171 453 1232 tem.
501 1166 615 1231 Sciatis
631 1166 713 1250 quod
729 1166 800 1231 volo
815 1172 848 1232 et
862 1165 1008 1251 praecipic
1022 1170 1061 1230 ut
1083 1163 1179 1229 abbas
1207 1161 1382 1227 Rainaldns

377 1275 416 1342 dc
439 1277 647 1357 Abbendona,
673 1283 706 1342 et
731 1277 879 1342 monachi
904 1276 1039 1342 ecclesia
1065 1298 1138 1354 sne,
1167 1274 1215 1340 ita
1242 1273 1320 1338 benc
1349 1277 1383 1337 et

377 1387 545 1453 honorifice
559 1393 592 1453 et
607 1387 711 1472 quiete
726 1388 864 1452 habeant
879 1393 912 1453 et
927 1393 1057 1452 teneant
1081 1407 1190 1452 omnes
1213 1389 1381 1449 consuetu·

378 1497 467 1563 dines
482 1521 553 1563 siras
568 1498 684 1584 ubique
698 1497 733 1562 in
747 1499 895 1563 omnibns
909 1498 1011 1577 rebus,
1026 1497 1109 1562 sicut
1129 1495 1242 1561 melius
1267 1493 1383 1558 habue-

378 1613 456 1672 runt
469 1615 610 1694 tempore
625 1607 708 1692 regis
724 1609 902 1688 Eadwardi,
919 1615 951 1674 et
973 1613 1113 1692 tempore
1138 1605 1237 1692 patris
1262 1604 1336 1684 mei,
1350 1608 1384 1668 et

378 1718 486 1783 nullus
514 1719 608 1784 homo
635 1719 674 1784 iis
699 1719 773 1785 inde
798 1719 935 1805 amplius
961 1719 1113 1804 injuriam
1143 1717 1247 1784 faciat.
1291 1715 1383 1780 'leste

380 1827 517 1893 Ranulfo
546 1829 716 1914 capellam.
772 1831 818 1895 Et
847 1831 894 1895 sac
923 1830 1032 1895 abbati
1072 1827 1221 1914 praedicto
1256 1825 1383 1912 plenam

378 1938 601 2004 rectitudinem
615 1940 654 2005 de
669 1940 790 2020 Eadm,
804 1941 970 2026 praeposito
985 1946 1053 2018 tuo,
1068 1945 1101 2004 et
1118 1939 1158 2003 de
1178 1937 1250 2002 aliis
1271 1934 1384 2000 minis·

378 2047 438 2113 tris
452 2049 529 2131 tuis,
544 2048 599 2136 qui
612 2049 776 2115 monachis
790 2050 855 2115 suis
869 2049 1022 2136 injuriam
1037 2049 1189 2116 fecerunt.

414 2235 501 2302 [mg
512 2237 597 2288 nura
607 2237 659 2288 nau
670 2235 916 2302 praesonuyrrosr)
928 2237 1039 2303 meon
1049 2233 1385 2300 enoronowrngonmrn

378 2311 472 2366 farum
482 2315 512 2365 of
518 2315 566 2366 the
575 2315 660 2381 abbey
670 2319 700 2366 at
710 2316 850 2380 Abingdon
859 2315 911 2380 =-]

415 2455 630 2536 Willielmus,¹
647 2477 702 2521 rex
716 2455 854 2541 Angliae
865 2454 1103 2521 vicecomitibus
1117 2453 1193 2534 suis,
1202 2453 1236 2518 in
1251 2475 1384 2540 quornm

379 2565 651 2632 vicecomitatibus
662 2567 789 2633 abbatia
799 2566 838 2633 de
845 2565 1055 2632 Abbendonia
1066 2573 1164 2632 terras
1173 2565 1285 2644 habet,
1300 2565 1384 2630 salu-

381 2681 460 2742 tem.
506 2677 658 2761 Praecipio
670 2685 708 2743 nt
723 2683 795 2742 tota
808 2683 892 2742 terra
905 2676 1040 2743 abbatia
1054 2677 1093 2742 de
1108 2675 1317 2742 Abbendonia
1338 2675 1386 2740 ita

382 2785 462 2851 bene
477 2793 510 2853 et
525 2785 660 2871 pleniter
674 2787 787 2853 habeat
801 2788 927 2852 sacham
942 2809 1032 2852 suam
1046 2794 1080 2853 et
1094 2787 1263 2854 sochamet
1276 2809 1384 2852 omnes

379 2897 620 2963 eonsuetudines
635 2921 718 2977 suas,
733 2899 816 2964 sicut
829 2899 943 2965 melius
963 2898 1078 2965 habuit
1099 2905 1133 2965 et
1158 2898 1282 2984 plenius
1303 2904 1384 2965 tem·

379 3029 456 3092 pore
471 3007 556 3091 regis
567 3008 751 3074 Eaduuardi
765 3016 798 3074 et
812 3009 911 3094 patris
921 3009 1003 3090 mei;
1026 3015 1059 3075 et
1072 3009 1205 3075 defendo
1216 3031 1255 3074 ne
1270 3008 1384 3094 aliquis

378 3117 453 3182 inde
466 3116 617 3203 injuriam
632 3118 737 3184 faciat.
782 3120 875 3184 'l'estc
889 3120 1021 3186 Eudone
1035 3120 1185 3205 dapifero,
1195 3141 1251 3205 per
1262 3119 1383 3185 Radnl·

379 3227 448 3292 fnm
472 3227 510 3294 dc
537 3229 731 3314 Langnetot‚
756 3230 841 3314 apud
867 3232 1000 3316 Legem.
1045 3231 1092 3297 Et
1116 3230 1315 3297 hundredum
1344 3231 1383 3296 de

381 3338 570 3405 Hornimere
585 3339 740 3422 similiter,
756 3341 838 3406 sicut
852 3348 929 3408 tunc
944 3343 1094 3428 temporis
1109 3341 1232 3422 habuit,
1247 3341 1382 3408 testibus

378 3449 545 3536 predictis.

575 3662 585 3695 ¹
601 3663 618 3711 2
630 3661 699 3714 Hist.
712 3661 780 3712 Mon.
792 3662 903 3728 Abingd.
917 3661 949 3716 17
961 3663 1033 3726 (Rec.
1044 3663 1137 3728 Gom).
