3286 5150
354 634 416 696 246
597 647 730 693 ennena
752 647 1098 694 sacro-nounaarvrca

354 801 468 886 quibus
483 801 550 885 ipsa
564 799 692 865 ecclesia
707 800 794 885 regia
808 798 979 883 largitione
993 799 1154 885 assignata
1170 822 1236 864 esse
1250 797 1357 862 dinos-

354 913 447 991 citur,
464 911 589 976 institui
613 911 724 975 debere
747 911 996 996 praesentatione.
1042 909 1143 975 Adest
1167 909 1218 974 die
1245 916 1278 973 et
1292 909 1360 972 loco

354 1023 562 1087 determinato
586 1029 741 1106 superstes
767 1023 880 1101 adhuc,
905 1022 997 1106 cujus
1027 1019 1170 1104 superias
1199 1020 1284 1084 facta
1313 1024 1361 1083 est

356 1131 484 1210 mentio,
502 1130 659 1196 Robertus
675 1131 882 1216 Philosophus
897 1131 980 1196 vices
995 1130 1118 1194 abbatis
1133 1130 1198 1194 illic
1213 1128 1361 1193 adversus

357 1242 495 1306 Alanam
512 1241 628 1306 ibidem
643 1248 720 1307 tunc
736 1242 831 1308 etiam
848 1251 1033 1326 praesentem
1049 1253 1247 1306 executurus,
1288 1239 1361 1305 Quo

357 1350 390 1415 in
405 1351 569 1436 prasentia
582 1351 780 1437 justiciamm
804 1353 857 1437 jus
881 1352 1062 1417 monasterii
1091 1351 1200 1416 Sancti
1225 1348 1360 1414 Martini

358 1461 395 1526 de
412 1461 499 1526 Bello
514 1469 699 1546 exponente,
714 1468 746 1526 et
772 1485 864 1546 super
888 1461 983 1526 Alani
1008 1461 1202 1530 invasionem
1225 1481 1358 1544 conque-

359 1579 457 1650 rente,
487 1572 607 1636 Alanus
637 1571 786 1651 renitens,
817 1579 919 1636 cartas
948 1595 1025 1656 quas
1055 1570 1178 1634 abbatis
1202 1569 1361 1635 Warnerii

359 1681 484 1745 nomine
499 1689 688 1766 praenotatas
703 1681 946 1748 memoravimus
961 1681 1139 1768 praetendit,
1149 1703 1243 1766 seque
1258 1703 1297 1746 ex
1312 1680 1360 1766 ip-

359 1794 424 1856 sius
444 1791 568 1858 abbatis
586 1793 661 1858 dum
680 1794 782 1859 adhuc
802 1793 923 1859 viveret
937 1816 1092 1859 consensu
1107 1791 1173 1857 illic
1188 1790 1359 1856 admissum

358 1928 423 1969 esse
437 1904 577 1970 asseruit
636 1905 726 1969 Licet
742 1905 841 1989 igitur
855 1903 1026 1988 diligenter
1041 1901 1241 1968 intuentibus
1256 1902 1360 1986 palam

358 2025 439 2082 essct
463 2023 565 2080 cartas
592 2016 674 2100 ipsas
700 2024 808 2079 notam
833 2015 980 2079 salsitatis
1010 2015 1135 2092 babere,
1158 2018 1227 2078 erat
1253 2021 1360 2076 tamen

359 2127 500 2191 omnium
517 2126 570 2210 qui
585 2127 714 2190 aderant
730 2126 879 2191 unanime
894 2126 1060 2190 consilium
1083 2132 1116 2190 et
1137 2123 1306 2209 persuasio,
1323 2131 1360 2188 ut

358 2237 519 2302 hincinde
541 2237 646 2322 potius
671 2238 820 2302 ducerent
837 2237 1085 2321 componendum
1110 2258 1205 2321 quam
1231 2234 1360 2319 litigan-

358 2349 447 2414 dum.
492 2347 630 2413 Consilio
644 2353 676 2412 et
693 2348 848 2412 voluntati
864 2348 1118 2432 persuadentium
1135 2369 1206 2432 pars
1229 2352 1362 2430 utraque

358 2460 524 2536 consentit,
550 2460 654 2544 sicque
690 2460 730 2524 ab
767 2459 895 2524 arbitris
925 2460 1019 2524 datur
1056 2458 1238 2542 hujusmodi
1262 2459 1362 2522 forma

359 2569 604 2653 compositionis,
620 2571 769 2655 quatinus
786 2570 905 2635 scilicet
921 2571 1042 2634 Alanus
1059 2571 1119 2635 toti
1137 2570 1202 2655 juri
1224 2569 1306 2654 quod
1328 2567 1362 2631 in

358 2679 487 2745 ecclesia
517 2681 555 2745 de
592 2682 813 2746 Mendlesbam
845 2705 877 2746 se
914 2681 1027 2746 babere
1061 2681 1221 2745 fatebatur
1251 2687 1362 2764 sponte

358 2791 552 2870 renuntians,
569 2799 670 2856 cartas
686 2801 873 2856 memoratas
888 2791 1002 2876 quibus
1023 2799 1144 2875 partem
1168 2813 1257 2854 suam
1281 2786 1362 2854 tueri

357 2901 517 2968 nitebatur
528 2901 561 2964 in
577 2925 688 2965 manus
698 2902 821 2966 abbatis
837 2904 1021 2985 resignaret.
1046 2902 1148 2986 Cujus
1163 2901 1206 2965 sie
1222 2901 1360 2986 gratiam

358 3011 501 3094 adeptus,
526 3011 623 3074 solam
648 3011 810 3076 ecclesiam
832 3013 870 3077 de
893 3014 1069 3077 Brantbam
1091 3035 1197 3097 quam,
1224 3019 1261 3076 ut
1283 3033 1360 3095 prae·

359 3119 507 3197 diximus,
534 3119 639 3184 minus
663 3121 812 3186 canonice
836 3129 995 3187 assecutus
1021 3129 1079 3203 est,
1105 3148 1143 3188 ex
1170 3147 1232 3209 qua
1255 3121 1362 3208 pensio

359 3231 401 3295 X.
417 3230 585 3295 solidorum
614 3255 669 3316 pro
693 3233 823 3317 antiqua
849 3236 1074 3300 consuetudine
1100 3235 1288 3314 solvebatur,
1302 3231 1361 3299 sub

359 3367 464 3409 annua
489 3343 637 3428 pensione
664 3345 867 3412 uniusaurei
894 3349 1083 3413 monasterio
1102 3348 1211 3412 Sancti
1227 3347 1362 3412 Martini

359 3455 398 3518 de
413 3455 501 3520 Bello
519 3455 677 3536 solvenda,
694 3457 821 3523 nomine
831 3457 929 3543 ipsius
939 3459 1120 3524 monasterii
1132 3460 1234 3544 quoad
1244 3459 1363 3524 viveret

359 3571 488 3645 teneret,
504 3573 536 3630 et
552 3565 596 3631 sic
611 3567 650 3630 lis
665 3567 768 3632 omnis
783 3576 817 3632 et
832 3570 1043 3634 controversia
1057 3569 1295 3655 conquiesceret.

404 3676 561 3742 Omnibus
593 3679 674 3742 banc
704 3678 940 3762 compositionis
977 3680 1109 3744 formam
1146 3679 1362 3766 probantibus,

358 3788 560 3872 partibusque
576 3787 650 3853 hinc
667 3789 739 3854 inde
754 3789 1034 3870 consentientibus,
1044 3790 1109 3855 dies
1120 3791 1267 3876 locusque
1278 3791 1362 3876 apud

360 3899 565 3964 Cantauriam
584 3899 747 3978 statuitur,
763 3923 824 3984 quo
841 3923 945 3964 coram
955 3901 1093 3982 justiciis
1113 3902 1210 3966 abbas
1234 3902 1269 3966 in
1292 3925 1362 3986 per·

358 4032 434 4075 sona
455 4010 589 4094 propria,
604 4015 637 4073 et
660 4009 781 4074 Alanus
804 4011 1026 4076 confirmanda
1041 4011 1276 4097 compositionis
1300 4013 1362 4076 sor-

358 4127 451 4183 matae
473 4117 576 4204 gratia
592 4119 791 4184 conveniant.
824 4121 949 4186 Abbate
964 4122 1015 4188 die
1029 4130 1062 4188 et
1078 4123 1145 4188 loco
1160 4123 1363 4188 denominato

357 4252 460 4293 coram
486 4228 623 4312 justiciis
652 4235 832 4314 apparente,
858 4230 979 4295 Alanus
1007 4255 1065 4297 nec
1094 4257 1275 4318 comparens
1305 4257 1362 4297 nec

355 4344 568 4404 excusatorem
584 4338 733 4423 dirigens,
749 4342 890 4405 omnium
907 4342 1025 4426 judicio
1043 4343 1258 4408 misericordia
1279 4344 1364 4428 regis
