3286 5142
315 631 376 695 106
564 652 697 698 amomi
721 651 1069 700 uuouononuaumou.

458 847 598 928 [Morus
618 866 658 912 or
679 849 868 913 Amnooor.
913 849 1029 912 Anour
1053 848 1177 930 1110.]¹

316 1005 383 1071 [The
394 1007 482 1072 king’s
493 1009 554 1058 writ
565 1007 734 1072 discbargiug
743 1009 789 1058 the
800 1009 893 1058 moukr
910 1007 940 1057 of
953 1007 1092 1074 Abingdon
1109 1007 1176 1058 from
1192 1007 1248 1068 toll,
1259 1021 1318 1070 pus·

674 1101 744 1150 uage,
756 1087 809 1136 aud
820 1085 960 1150 austerus]

316 1227 499 1306 Humorem,
514 1249 568 1292 rex
593 1225 730 1312 Angliae‚
754 1227 899 1291 omnibus
924 1226 1162 1292 vicecomitibus
1185 1233 1218 1293 et
1238 1251 1318 1312 prae·

312 1337 436 1422 positis,
463 1343 497 1403 et
531 1339 679 1403 omnibus
709 1337 865 1403 ministris
895 1339 960 1403 suis
998 1338 1095 1402 totius
1126 1338 1252 1423 Angliae
1286 1346 1319 1402 et

313 1454 463 1534 portuum
490 1448 597 1524 maris,
623 1448 768 1514 salutem.
813 1449 964 1535 Praecipio
994 1450 1078 1534 quod
1103 1450 1219 1529 omnia,
1249 1472 1318 1534 quae

314 1559 453 1624 ministri
467 1559 691 1624 monachorum
708 1559 745 1624 de
762 1558 956 1624 Abbendona
978 1561 1113 1626 emerint
1135 1560 1175 1625 ad
1196 1559 1317 1626 vietum

313 1683 346 1736 et
360 1672 524 1751 vestitum,
538 1677 571 1736 et
594 1671 743 1736 utensilia
766 1671 1001 1750 monachorum,
1017 1671 1051 1735 in
1077 1671 1259 1736 civitatibus
1285 1676 1317 1736 et

313 1781 436 1866 burgis,
450 1787 484 1846 et
499 1781 645 1845 omnibus
661 1781 730 1846 aliis
746 1782 892 1846 mercatis
907 1782 1045 1866 Angliae,
1061 1781 1127 1846 sint
1148 1781 1255 1866 quieto
1278 1783 1317 1848 de

313 1891 458 1958 theloneo
473 1898 505 1957 et
516 1892 672 1977 passagio,
684 1898 717 1956 et
733 1891 819 1958 omui
831 1891 1066 1970 consuetudine,
1080 1891 1162 1956 unde
1173 1890 1317 1958 homines

313 2004 362 2068 sui
383 2003 511 2068 affidare
526 2003 666 2086 poterint
680 2025 753 2066 suas
767 2025 832 2067 esse
858 2002 1033 2067 dominicas
1044 2028 1053 2081 ;
1076 2009 1109 2067 et
1134 2003 1240 2066 nullus
1265 2026 1317 2069 eos

312 2113 364 2179 vel
394 2135 444 2178 res
476 2113 548 2177 illas
581 2113 745 2198 inquietet,
783 2115 833 2179 vel
867 2115 988 2198 injuste
1022 2114 1190 2195 disturbet,
1224 2138 1318 2200 super

313 2227 354 2290 X.
379 2224 469 2288 libris
494 2224 707 2290 forisfacturae.
752 2225 898 2290 'Postibus
922 2224 1104 2290 cancellario
1135 2232 1168 2291 et
1193 2227 1316 2293 Milone

311 2338 350 2402 de
366 2336 580 2416 Gloecestria3
604 2337 689 2422 apud
704 2336 955 2402 Abbendoniam.

355 2943 482 3024 [Asnor
496 2962 563 3008 auo
579 2945 704 3010 Morus
718 2964 758 3009 or
773 2947 960 3011 Armonou.
1006 2947 1121 3030 Abour
1145 2945 1272 3029 1110.]²

692 3152 934 3221 [similatorie]

313 3302 494 3380 Hnumous,
531 3326 585 3369 rex
622 3305 759 3390 Angliae,
789 3306 926 3392 Hugoni
962 3307 1000 3374 de
1037 3309 1246 3388 Boebelanda‚
1283 3315 1317 3374 et

311 3413 458 3478 omnibus
494 3414 731 3481 vicecomitibus
768 3425 802 3483 et
839 3419 994 3484 ministris
1039 3420 1139 3485 totius
1177 3420 1316 3504 Angliae,

311 3524 458 3590 salutem.
503 3526 654 3611 Praecipio
668 3528 752 3613 quod
774 3551 881 3594 omnes
906 3553 955 3595 res
977 3531 1112 3615 proprias
1135 3531 1259 3596 abbatis
1281 3539 1315 3596 et

311 3637 533 3701 monachorum
557 3638 596 3702 de
611 3639 817 3719 Abbendona,
832 3640 915 3724 quod
931 3642 1069 3706 ministri
1092 3642 1141 3706 sui
1166 3643 1314 3708 vendide-

311 3747 378 3812 rint
391 3753 425 3812 et
439 3749 583 3828 emerint,
598 3749 664 3814 sint
679 3750 792 3835 quietae
807 3751 845 3816 de
860 3751 1016 3832 tholoueo,
1031 3759 1064 3816 et
1078 3753 1315 3831 consuetudine,

310 3863 344 3922 et
358 3859 514 3944 passagio,
531 3860 614 3924 uude
628 3860 771 3927 homines
786 3861 835 3926 sui
851 3861 976 3927 affidare
992 3863 1131 3946 poterint
1146 3863 1230 3947 quod
1252 3887 1315 3927 suae

311 3969 402 4048 sint3
446 3976 479 4035 et
516 3971 665 4055 prohibeo
702 3996 742 4038 ne
779 3972 892 4058 aliquis
928 3996 980 4038 eos
1017 3972 1184 4051 disturbet,
1221 3994 1316 4057 super

311 4079 355 4145 X.
381 4080 471 4146 libris
496 4081 710 4148 forisfacturae.
756 4085 849 4150 'Peste
864 4083 1065 4162 cancellario,
1089 4082 1173 4168 apud
1198 4083 1315 4148 Merle·

310 4189 437 4255 beriam.
552 4233 560 4246 ·

379 4363 386 4396 ¹
409 4365 426 4411 2
438 4363 507 4413 nist.
520 4365 588 4414 Mon.
601 4365 712 4430 Abingd.
724 4365 757 4418 78
769 4367 840 4429 (Boc.
853 4367 945 4426 Com).
1126 4367 1136 4400 ²
1154 4367 1193 4415 lb.
1207 4365 1247 4418 79.
