3286 5142
720 637 829 684 nnunr
852 587 889 683 ri.
1246 621 1305 684 181

309 785 405 854 fuisse
437 789 598 871 donatam,
631 814 651 856 a
686 811 761 874 rege
799 791 938 856 Henrieo
970 791 1105 875 juniore,
1141 791 1197 877 qui
1233 797 1307 877 post

311 900 509 985 Stephanum
538 901 694 987 regnavit,
722 901 815 966 breve
851 901 1010 986 quoddam
1039 901 1147 967 abbati
1177 901 1310 986 Ingulfo

309 1011 434 1090 detulit,
461 1035 587 1078 sensum
612 1012 730 1078 habens
753 1017 791 1076 ut
814 1035 906 1096 super
929 1013 988 1077 hae
1011 1011 1168 1077 calumnia
1187 1017 1310 1077 rectum

316 1122 446 1208 [faceret
468 1125 529 1209 et¹]
554 1123 752 1189 abbatemet
775 1122 938 1188 mulierem
961 1124 1166 1189 examinaret.
1212 1125 1310 1190 Brevi

310 1238 418 1298 autern
441 1233 588 1319 perlecto,
612 1241 737 1300 astante
765 1233 905 1315 muliere,
932 1235 1093 1300 communi
1118 1236 1310 1326 sapientium

309 1343 526 1429 plurimorum,
547 1345 602 1429 qui
624 1347 728 1412 voeati
749 1352 848 1422 erant,
871 1346 1126 1426 consideratione,
1148 1352 1309 1413 ostensum

310 1460 360 1521 eet
373 1456 411 1520 de
433 1461 516 1521 terra
537 1457 577 1522 ed
599 1479 668 1522 eam
694 1457 739 1521 nil
761 1457 928 1543 pertinere.
972 1459 1017 1522 Et
1039 1457 1168 1524 muliere
1183 1459 1311 1544 quidem

310 1567 351 1632 ad
364 1567 491 1655 propria
504 1573 692 1647 revertente,
708 1592 802 1634 eausa
816 1570 882 1635 hae
897 1574 946 1634 eet
959 1569 1007 1634 ita
1022 1568 1123 1636 finita.

357 2368 520 2460 [Onusam
542 2369 690 2436 Pansous
716 2392 745 2437 o.
769 2369 957 2436 Bannnms.
1012 2370 1270 2454 llos-1158.]²

314 2546 383 2612 [The
398 2546 470 2610 right
481 2545 643 2596 oiBeliardis
654 2549 683 2595 to
693 2546 786 2596 honses
797 2543 883 2596 which
894 2544 941 2595 she
952 2544 1079 2608 proposed
1089 2547 1118 2594 to
1128 2545 1225 2608 girato
1232 2544 1314 2594 abbot

385 2624 499 2675 Riohsrd
510 2623 668 2675 established
678 2624 783 2688 agnina
793 2624 838 2673 the
849 2622 975 2688 plaintiffs
985 2623 1021 2687 by
1028 2622 1074 2673 the
1084 2622 1147 2672 wise
1156 2619 1238 2687 men]

315 2779 454 2843 Munna
467 2777 583 2842 iterum
593 2777 746 2861 quadam,
759 2775 912 2841 Beliardis
926 2774 1022 2854 diota,
1039 2773 1193 2839 Stamelli
1207 2774 1314 2858 eujus·

313 2887 387 2953 dam
413 2910 501 2966 uxor,
516 2887 611 2971 hujus
636 2885 765 2951 Ricardi
790 2885 947 2950 industria
965 2890 1143 2969 provocata,
1158 2891 1231 2970 post
1251 2883 1314 2949 viri

314 2997 364 3063 sui
378 2999 540 3064 decessum
554 2998 663 3063 domos
686 3020 757 3062 suas
772 2996 865 3061 alteri
880 2996 1005 3061 Sanotae
1020 2994 1130 3060 Mariae
1151 2994 1314 3060 attitulare

313 3108 478 3193 disposuit.
524 3107 586 3173 Sed
600 3106 629 3173 ei
643 3107 722 3172 talia
742 3107 900 3191 cogitanti
915 3106 1157 3172 calumniatores
1173 3105 1313 3191 quidam,

314 3220 369 3306 qui
378 3220 460 3305 juris
475 3219 536 3284 sibi
551 3219 676 3304 aliquod
691 3241 724 3283 se
743 3218 857 3283 habere
871 3217 1039 3303 putabant,
1054 3216 1313 3297 insurrexerunt3

314 3329 368 3395 sed
393 3327 536 3393 veritatis
557 3328 803 3412 investigatione
832 3351 851 3392 a
873 3327 1079 3412 sapientibus,
1104 3326 1159 3410 qui
1184 3347 1313 3390 eausam

314 3444 481 3522 utramque
504 3437 697 3518 tractabant,
722 3442 834 3521 utpote
866 3435 1057 3500 calumniam
1083 3435 1239 3519 injustam
1264 3433 1314 3498 in·

315 3548 460 3627 ferentes,
472 3546 673 3630 postmodum
692 3547 744 3629 (ut
758 3550 880 3610 rectum
895 3547 977 3625 erat)
995 3541 1111 3627 repulsi
1125 3547 1213 3607 sunt.

518 3752 527 3786 ¹
543 3757 626 3807 These
636 3757 722 3807 words
732 3770 803 3806 seem
813 3769 959 3820 neeosssry.

510 3834 521 3868 ²
537 3836 553 3884 2
566 3833 638 3885 Hist.
648 3835 718 3884 Mon.
729 3831 844 3896 Abingd.
854 3831 904 3881 206
916 3829 990 3896 (Reo.
1001 3827 1095 3893 Com).
