3252 5112
685 731 826 776 wrnnrau
849 731 871 776 1.
1263 712 1283 770 3

282 891 490 970 agnoscentes
526 883 690 964 animum,¹
722 907 762 949 ne
790 883 855 948 suis
883 880 1054 947 honoribus
1082 878 1282 964 privarentur

282 997 443 1077 timerent,
459 996 655 1063 venerandus
678 995 727 1060 vir
742 994 940 1073 Wulstanus,
959 990 1180 1075 Wigomensis
1200 990 1281 1076 epis-

283 1129 389 1192 copus,
428 1107 637 1193 possessiones
681 1107 881 1191 quamplures
923 1103 973 1168 sui
1010 1103 1206 1187 episcopatus
1242 1101 1282 1166 ab

284 1219 421 1285 Aldredo
444 1216 683 1303 archiepiscopo,
707 1216 784 1280 dum
810 1239 829 1280 a
854 1214 1057 1299 Wigornensi
1086 1213 1215 1278 ecclesia
1243 1211 1284 1276 ad

284 1330 510 1394 Eboracensem
535 1329 768 1407 transferretur,
791 1350 847 1392 sua
873 1326 1016 1412 potentia
1042 1330 1191 1404 retentas,
1215 1346 1283 1409 quaa

284 1462 319 1505 eo
348 1446 427 1505 tuno
457 1439 606 1505 defuncto
643 1439 678 1502 in
714 1438 834 1524 regiam
867 1442 1055 1522 potestatem
1084 1437 1285 1513 devenerant,

285 1557 470 1615 constanter
501 1550 724 1635 proclamabat,
755 1549 931 1634 expetebat,
956 1548 1179 1634 justitiamque
1212 1545 1285 1610 inde

286 1661 351 1726 lieri
378 1668 445 1726 tam
469 1661 510 1725 ab
535 1661 611 1744 ipsis
637 1661 694 1746 qui
717 1659 849 1726 concilio
875 1666 1037 1744 preerant,
1054 1682 1150 1744 quam
1170 1681 1189 1722 a
1211 1679 1285 1742 rege

285 1771 462 1856 flagitabat.
506 1773 553 1836 At
583 1771 656 1856 quia
684 1770 890 1836 Eboracensis
913 1770 1051 1847 ecclesia,
1077 1793 1142 1835 non
1167 1769 1286 1834 habens

285 1888 445 1968 pastorem
469 1882 524 1967 qui
550 1904 606 1966 pro
629 1905 665 1947 ea
688 1882 876 1967 loqueretur,
899 1887 990 1945 muta
1011 1887 1088 1959 erat,
1107 1881 1287 1964 judicatum

287 1997 385 2057 estut
400 1992 468 2077 ipsa
482 1994 608 2078 querela
622 1993 666 2057 sio
683 2001 858 2058 remaneret
872 2016 1044 2078 quousque,
1057 1993 1287 2077 archiepiscopo

287 2101 333 2166 ibi
359 2103 534 2167 constituto
559 2104 614 2187 qui
638 2103 799 2168 ecclesiam
822 2103 1011 2182 defenderet,
1031 2103 1108 2167 dum
1130 2109 1211 2168 esset
1233 2103 1289 2188 qui

289 2213 356 2297 ejus
372 2212 502 2296 querela
526 2213 735 2297 responderet,
751 2237 790 2278 ex
812 2213 941 2298 objectis
963 2221 997 2279 et
1016 2213 1170 2297 responsis
1185 2217 1290 2298 posset

289 2322 467 2388 evidentius
496 2346 531 2388 ao
550 2323 669 2406 justius
694 2324 851 2408 judicium
880 2324 957 2390 fieri.
1004 2325 1117 2410 Sicque
1147 2331 1225 2388 tunc
1254 2346 1290 2388 ea

290 2433 415 2518 querela
434 2433 475 2498 ad
499 2441 624 2519 tempus
647 2436 808 2500 remansit.
834 2485 840 2502 .
866 2485 873 2502 .
898 2485 905 2500 .
929 2435 1051 2500 Deinde
1073 2434 1290 2499 Irandlranous

289 2545 443 2610 'lhomsm
480 2545 709 2611 Eboracensem
750 2547 941 2612 consecravit
980 2547 1170 2633 episcopum.
1227 2546 1290 2610 His

288 2656 400 2741 gestis,
425 2657 586 2722 reverendi
610 2657 763 2736 Wlstani,
788 2659 1009 2742 Wigoruensis
1033 2658 1179 2744 episcopi,
1203 2663 1291 2721 mota

290 2774 338 2831 est
360 2767 477 2831 iterum
500 2769 635 2853 querela,
650 2767 794 2854 episcopo
812 2769 881 2852 jam
896 2774 1074 2834 consecrato
1089 2769 1219 2849 Thomu,
1236 2768 1290 2853 qui

289 2900 346 2963 pro
371 2877 561 2944 llboraoensi
590 2879 769 2964 loqueretur
794 2879 940 2959 ecolesia;
972 2880 1065 2945 etin
1094 2879 1232 2960 oonsilio,
1257 2879 1291 2943 in

289 2989 357 3054 loco
386 2989 442 3075 qui
470 2996 600 3056 vocatur
637 2991 774 3056 Pedreda
810 2992 976 3072 celebrato,
1006 3015 1109 3056 coram
1146 3014 1219 3078 roge
1255 3013 1292 3056 ac

292 3099 496 3166 Doruberniae
536 3100 766 3187 archiepiscopo
808 3103 1017 3182 Landfranoo,
1057 3109 1090 3168 et
1129 3102 1291 3188 episcopis,

291 3209 469 3290 abbatibus,
492 3211 670 3293 comitibus,
693 3218 726 3278 et
747 3213 937 3297 primatibus
959 3214 1059 3278 totius
1081 3213 1217 3298 Angliae,
1230 3213 1291 3278 Dei

292 3321 397 3405 gratia
418 3321 675 3403 adminiculante,
690 3330 739 3390 est
758 3325 937 3389 terminata.
983 3325 1115 3390 Cunctis
1137 3325 1292 3410 siquidem

291 3431 556 3496 machinamentis
590 3455 653 3497 non
684 3433 817 3499 veritate
846 3433 984 3519 stipatis,
1014 3433 1126 3519 quibus
1156 3435 1292 3498 Thomas

292 3540 419 3626 ejusque
444 3541 582 3607 fautores
603 3543 847 3628 Wigornensem
871 3544 1033 3611 ecclesiam
1056 3543 1237 3628 deprimere,
1259 3549 1293 3608 et

293 3651 481 3716 Eboracensi
503 3653 637 3718 ecclesiae
659 3655 821 3738 subjicere,
842 3656 1048 3741 ancillamque
1070 3655 1169 3718 facere
1192 3655 1292 3718 modis

292 3759 440 3825 omnibus
456 3763 654 3845 satagebant,
664 3763 753 3846 justo
768 3765 830 3829 Dei
840 3765 960 3848 judicio
975 3787 1011 3829 ac
1026 3765 1151 3847 scriptis
1166 3765 1294 3830 eviden-

294 3871 426 3937 tissimis
449 3861 584 3953 detritis,
610 3880 642 3939 et
666 3875 794 3959 penitus
818 3875 1012 3954 annihilatis,
1035 3896 1099 3939 non
1121 3875 1222 3939 solum
1245 3876 1295 3941 vir

294 3985 357 4050 Dei
385 3986 553 4051 Wlstanus
594 3987 801 4072 proclamabas
830 3993 863 4052 et
900 3986 1055 4071 expetitas
1088 3987 1294 4070 possessiones

294 4097 421 4182 recepit,
449 4096 503 4163 sed
529 4102 563 4163 et
586 4119 675 4162 suam
705 4097 877 4177 ecclesiam,
902 4096 970 4162 Deo
999 4097 1136 4162 donante
1159 4121 1195 4162 ao
1221 4121 1295 4184 rege

296 4210 497 4290 concedente,
527 4231 563 4274 ea
600 4208 744 4275 libertate
772 4208 903 4274 liberam
932 4207 1079 4293 suscepit,
1109 4231 1171 4293 qua
1198 4210 1296 4294 primi

329 4406 337 4440 ¹
356 4407 410 4456 'Phe
421 4408 486 4471 king
501 4407 553 4456 hed
570 4408 663 4457 atthis
679 4405 781 4458 wuncil
798 4407 910 4470 deposed
927 4383 1097 4471 twobishops
1108 4408 1159 4456 aud
1175 4411 1296 4461 removed

295 4499 374 4548 many
386 4486 488 4536 abbote.
523 4485 563 4534 lb.
574 4501 600 4549 p.
612 4487 635 4537 5.

741 4577 846 4636 ,st
