3280 5132
705 650 816 696 nunna
839 651 862 696 1.
1242 635 1282 698 81

279 802 413 867 luxuriis
428 800 610 883 obedirem
625 803 718 868 subdi
732 803 843 868 debere
864 809 1076 882 autumantes,
1091 825 1155 868 uon
1178 804 1280 870 solum

279 915 313 978 in
335 914 545 1000 possessiones
567 915 803 993 victurumsed
824 921 857 979 et
879 915 913 978 in
941 913 1024 998 ipsas
1055 921 1216 980 matronas
1247 923 1280 982 et

278 1026 420 1111 virgines
452 1024 508 1090 ubi
538 1025 583 1090 eis
614 1013 747 1091 facultas
780 1026 949 1110 aspirabat,
982 1026 1118 1091 nefanda
1147 1027 1279 1094 libidine

278 1143 438 1222 eoeperunt
456 1136 603 1201 insanire.
649 1136 741 1202 Quod
757 1136 913 1200 nonnulla
933 1137 1150 1221 praevidentes,
1164 1145 1199 1205 et
1220 1163 1277 1206 suo

277 1248 388 1333 pudori
410 1253 587 1334 metuentes
608 1245 798 1311 monasteria
820 1247 982 1331 virginum
1004 1249 1153 1332 petivere,
1168 1273 1278 1337 accep·

277 1365 372 1445 toque
395 1359 465 1425 velo
489 1382 554 1424 sese
578 1359 661 1424 inter
685 1358 769 1444 ipsas
793 1365 923 1425 etanta
948 1359 1080 1425 infamia
1102 1368 1274 1446 protexere.

278 1470 357 1536 Quae
380 1469 493 1549 clades,
517 1493 589 1534 cum
614 1470 814 1554 postmodum
839 1471 947 1535 sedata
976 1477 1009 1536 et
1039 1495 1094 1556 pro
1123 1474 1276 1558 temporis

276 1581 430 1668 qualitate
456 1604 520 1664 pax
545 1582 636 1646 rebus
665 1581 741 1646 data
764 1581 883 1662 fuisset,
910 1581 1078 1667 quaesitum
1104 1584 1143 1648 ab
1168 1585 1274 1650 codem

216 1745 218 1748 .
275 1700 364 1777 patre
387 1692 565 1756 Lanfranco
589 1699 638 1758 est
652 1692 728 1779 quid
753 1693 792 1758 ds
815 1693 865 1758 his
888 1715 958 1779 quaa
973 1693 1030 1757 tali
1048 1694 1170 1779 refugio
1186 1719 1275 1762 suam

276 1802 460 1888 pudicitiam
487 1809 699 1882 servaverunt,
715 1803 782 1887 ipse
797 1803 930 1868 sentiret
938 1829 948 1882 ς
971 1810 1115 1869 essentne
1129 1805 1277 1872 videlicet

275 1913 524 1999 constringenda
547 1915 582 1977 in
605 1913 794 1978 monasterio
809 1913 914 1980 velum
929 1920 1036 1979 tenere
1050 1915 1135 2000 quod
1150 1927 1274 2003 accepe-

276 2032 358 2106 rant,
374 2048 481 2090 neone.
525 2025 573 2089 At
593 2025 659 2108 ipse
673 2023 878 2109 quaestionem
905 2023 1005 2108 ipsam
1028 2024 1157 2090 consilio
1178 2035 1275 2110 geue·

274 2135 348 2201 ralis
373 2135 498 2200 concilii
520 2135 628 2199 taliter
652 2134 748 2199 solvit
773 2140 811 2198 ut
835 2134 879 2198 eis
894 2157 950 2218 pro
966 2135 1113 2199 castitate
1128 2158 1225 2220 quam
1241 2159 1273 2202 so

273 2253 342 2312 tam
368 2245 542 2310 manifestas
565 2245 610 2310 rei
636 2245 813 2310 ostensione
847 2267 952 2310 amare
977 2249 1101 2310 testata
1136 2245 1274 2328 fucrant,

235 2343 241 2356 ⁸
272 2358 411 2422 debitum
427 2356 531 2440 magis
557 2355 764 2422 reverentiam
781 2354 940 2439 judicaret
954 2355 1162 2421 exhibendam
1177 2381 1272 2442 quam

272 2467 370 2533 ullam
402 2468 561 2533 servanda
594 2467 758 2552 religionis
791 2467 1033 2547 continentiam,
1061 2467 1123 2532 nisi
1148 2469 1273 2554 propria

272 2581 359 2645 illam
401 2579 566 2645 voluntate
616 2583 812 2663 appeterent,
848 2577 1003 2644 violenter
1054 2578 1272 2664 ingerendam.

271 2693 317 2757 Et
345 2692 566 2777 adjunxerunt.
618 2689 681 2753 His
726 2688 938 2769 interfuimus,
959 2689 1026 2755 haec
1061 2690 1272 2776 approbaris

270 2802 466 2889 sapientibus
480 2801 557 2866 viris
580 2799 771 2880 audivimus,
786 2805 821 2864 et
843 2800 910 2865 haec
925 2799 956 2864 in
973 2801 1121 2885 prasenti
1140 2803 1271 2888 negotio

270 2916 372 2982 valere
391 2915 537 2980 volumus
566 2935 603 2978 ac
632 2912 771 2978 roborari
799 2911 1008 2997 postulamus.
1054 2911 1147 2977 Licet
1183 2913 1269 2978 enim

270 3028 405 3094 sciamus
428 3049 554 3092 causam
579 3025 705 3091 illarum
728 3023 821 3090 istius
845 3045 912 3089 esso
937 3023 1086 3089 leviorem
1109 3024 1186 3088 dum
1200 3025 1268 3092 ille¹

269 3146 379 3225 sponte
394 3138 456 3204 isto
470 3144 577 3203 coacta
591 3137 659 3222 pari
674 3137 713 3202 de
727 3159 821 3202 causa
835 3135 940 3200 velum
963 3136 1145 3220 portaverit,
1160 3141 1268 3203 tamen

268 3275 308 3317 ne
330 3251 401 3335 quis
425 3271 483 3314 nos
506 3249 614 3314 lavore
635 3247 775 3331 cujusvis
800 3245 872 3310 duci
897 3247 1068 3325 existimet,
1094 3269 1158 3312 non
1183 3248 1269 3314 ultra

268 3356 414 3445 progredi
436 3358 470 3421 in
491 3357 610 3442 judicio
625 3356 769 3422 volumus
784 3355 843 3419 boc
866 3354 932 3420 solo
955 3348 1107 3434 contenti,
1122 3364 1161 3421 ut
1184 3359 1268 3442 quod

267 3468 370 3533 valuit
401 3467 435 3530 in
466 3464 580 3549 majori
615 3464 719 3528 valeat
752 3463 787 3526 in
813 3463 939 3534 minori.
983 3466 1071 3528 Tunc
1095 3466 1267 3532 Anselmus

267 3576 398 3641 adhaec.
444 3573 540 3638 Scitis
555 3570 629 3655 quid
653 3572 839 3650 monuerim,
854 3572 930 3656 quid
951 3573 1158 3657 praeceperim,
1175 3577 1265 3658 quid-

267 3709 327 3771 que
353 3683 484 3769 polliciti
509 3681 588 3747 sitis.
636 3680 843 3764 Cum-igitur
866 3681 1037 3746 secundum
1064 3682 1147 3763 quod
1176 3685 1266 3749 vobis

266 3797 370 3862 visum
407 3799 457 3860 est
492 3788 611 3877 justius
647 3789 683 3852 in
719 3811 886 3853 commune
920 3788 1147 3872 judicaveritis,
1184 3793 1266 3857 sicut

265 3905 415 3985 asseritis,
446 3926 506 3988 ego
534 3898 690 3985 judicium
720 3903 860 3962 vestrum
890 3919 953 3960 non
984 3897 1109 3979 abjicio,
1147 3902 1201 3966 sed
1230 3925 1266 3968 00

265 4017 403 4085 securius
439 4013 520 4080 illud
556 4009 692 4094 suscipio
730 4031 791 4092 quo
833 4007 917 4072 tanti
961 4007 1059 4090 patris
1096 4011 1268 4078 autoritate

264 4131 431 4196 suffultum
456 4126 559 4194 audio.
605 4122 666 4187 Illa
690 4120 803 4186 dehinc
818 4119 852 4183 in
868 4119 1008 4184 medium
1024 4117 1160 4201 ducitur,
1175 4131 1266 4206 gesta

724 4323 730 4354 ¹
750 4321 802 4368 illo.

1120 4431 1141 4475 G
