3286 5150
349 605 411 666 2522
594 620 727 666 anacim
750 619 1099 665 annno-noannoeane.

346 773 551 858 Andegaviae,
567 772 736 838 Eustochio
760 771 824 836 filio
840 771 995 837 lobannis
1018 780 1051 836 et
1075 770 1216 836 Joeelino
1232 769 1352 836 Castel-

346 882 419 948 lano
444 883 576 963 Fauonii,
600 883 743 949 salutem.
789 883 910 948 Mando
933 882 1022 948 vobis
1045 889 1078 948 et
1103 881 1248 966 praecipio
1271 881 1354 966 qnod

347 994 429 1059 sieut
444 1017 494 1060 me
518 994 650 1080 diligitis
678 993 841 1060 monachis
865 992 1069 1059 Gloueestiiae
1095 993 1207 1058 habere
1232 991 1354 1078 faeiatia

347 1105 453 1168 omnia
468 1129 536 1190 quae
551 1105 672 1190 dejure
694 1127 802 1172 eorum
829 1111 904 1169 sunt
929 1104 1012 1189 apud
1028 1127 1092 1182 vos,
1108 1110 1141 1169 et
1163 1103 1353 1168 nominatim

348 1216 504 1301 quoddam
535 1215 750 1282 molendinum
780 1238 872 1280 enum
902 1215 985 1300 apud
1015 1215 1173 1300 Olneyam
1202 1236 1242 1278 ex
1271 1215 1354 1278 dono

350 1327 512 1412 Ranulpbi
527 1327 650 1392 comitia
662 1327 790 1392 Cestriae
800 1351 857 1412 pro
867 1327 939 1392 XL.
957 1326 1074 1406 solidis,
1087 1333 1119 1391 et
1134 1325 1219 1390 aliud
1234 1324 1353 1390 molen·

348 1435 459 1502 dinum
483 1439 566 1523 apud
593 1437 789 1503 'Paddewelle
813 1460 852 1503 ex
875 1439 957 1502 dono
975 1437 1049 1502 Aliz
1074 1436 1186 1502 sororis
1211 1437 1353 1521 ejusdem

349 1547 473 1613 comitis
484 1571 541 1633 pro
555 1549 662 1614 anima
674 1547 802 1613 Rieardi
813 1547 872 1612 filii
889 1548 1043 1613 Gileberti
1055 1547 1114 1612 viri
1123 1547 1182 1626 sni,
1194 1555 1226 1612 et
1237 1553 1353 1612 terram

349 1681 438 1722 auom
465 1659 547 1743 opud
573 1659 703 1746 Coleby,
726 1681 766 1724 ne
798 1657 909 1722 auxilii
934 1658 1030 1724 vestri
1054 1658 1183 1744 penuria
1209 1656 1353 1722 monaehi

350 1771 491 1856 predicti
503 1771 664 1836 omittant.
713 1770 786 1834 Hiie
800 1771 944 1836 testibus.
996 1771 1129 1855 [Names
1144 1775 1201 1835 not
1215 1769 1336 1854 given]

630 2352 756 2437 [Annon
778 2373 817 2417 on
840 2355 1090 2438 Gnoucnsvna.]¹
1179 2403 1186 2414 .

354 2535 421 2602 [Tho
433 2538 518 2602 king’n
530 2538 590 2587 vrit
601 2539 627 2586 in
640 2539 731 2588 favour
746 2539 777 2588 ol'
784 2537 829 2588 tha
846 2539 925 2589 ubbot
944 2539 972 2588 ol
993 2539 1146 2589 Glonooater
1163 2539 1190 2588 in
1209 2543 1312 2602 reopant
1330 2541 1362 2588 ol'

544 2619 659 2666 anatome
670 2616 721 2666 and
734 2617 845 2666 eorvioen
857 2617 964 2666 claimed
976 2618 1080 2680 against
1091 2615 1166 2681 him]

356 2755 539 2834 Hammona
565 2755 624 2820 Dei
650 2755 756 2840 gratia
779 2779 832 2820 rex
851 2755 978 2838 Angliae
1003 2764 1036 2820 et
1061 2755 1127 2820 dux
1152 2756 1358 2820 Normanniae

354 2871 387 2930 et
402 2889 505 2930 eomes
521 2865 725 2950 Andegaviae,
741 2867 818 2931 Adae
842 2867 880 2931 de
903 2866 991 2946 Port,
1016 2867 1159 2932 salntem.
1206 2867 1358 2932 Prohibeo

355 2974 417 3039 tibi
447 2997 486 3040 ne
512 2975 630 3058 injuste
659 2999 764 3056 vexes,
791 2975 841 3042 vel
870 2977 976 3042 vexari
1005 2977 1181 3062 permittas,
1210 2977 1357 3042 abbatem

357 3083 560 3148 Gloueestn'ae
575 3085 614 3148 de
628 3083 725 3150 libero
740 3093 921 3152 tenemento
937 3109 993 3152 suo
1007 3088 1046 3151 de
1062 3087 1231 3166 Litletone,
1247 3109 1303 3152 nee
1318 3087 1358 3150 ab

355 3218 392 3260 eo
415 3194 488 3260 inde
515 3195 633 3278 exigna,
657 3196 707 3261 vel
731 3197 816 3282 exigi
841 3197 1017 3282 permittas,
1042 3199 1281 3264 consuetudines
1308 3198 1358 3262 vel
1442 3193 1445 3198 ’

357 3305 568 3391 servitiaque
583 3307 656 3371 inde
671 3307 769 3373 faeere
784 3329 848 3372 non
863 3308 974 3374 debeat
984 3309 1034 3373 vel
1050 3308 1177 3383 solebat,
1192 3331 1247 3374 neo
1262 3310 1359 3374 ullam

356 3417 384 3482 ei
400 3417 472 3482 inde
487 3417 638 3501 injuriam
648 3418 699 3482 vel
715 3418 892 3484 molestiam
908 3420 1002 3485 facias
1017 3428 1074 3484 aut
1089 3442 1270 3504 gravamen.
1316 3421 1362 3485 Et

356 3529 417 3594 nisi
441 3529 547 3594 feceris
563 3530 734 3595 vicecomes
749 3532 787 3595 de
804 3531 1069 3616 Suthamptesyra
1094 3531 1199 3610 faeiat,
1224 3555 1263 3596 ne
1289 3532 1362 3597 inde

357 3640 492 3725 amplius
508 3640 675 3706 clamorem
692 3641 816 3706 audiam
835 3663 892 3725 pro
907 3641 1030 3707 defectu
1055 3642 1132 3706 recti
1146 3642 1197 3706 vel
1216 3643 1360 3726 justitiae.

358 3753 450 3818 'leste
465 3761 514 3818 eto
576 3753 696 3838 [Name
712 3759 768 3817 not
783 3753 905 3838 given]

555 4026 562 4060 ¹
583 4027 597 4075 1
610 4027 703 4076 Chron.
715 4028 784 4076 Mon.
797 4027 887 4077 Glono.
900 4029 949 4077 388
958 4029 1029 4088 (Roe.
1042 4029 1137 4091 Com).
