3280 5132
688 668 830 712 suumn
855 658 877 710 r.
1239 649 1281 710 25

276 828 310 888 et
333 822 418 909 quod
440 820 514 885 inde
528 819 668 884 dixerint
691 820 808 885 ibidem
826 818 963 903 jurando
995 822 1164 883 testentur.
1211 817 1283 883 Quo

278 935 362 998 sacto
385 931 594 998 restituantur
616 929 751 996 eoelesiae
773 936 864 994 terrae
886 952 955 1014 quae
986 928 1021 992 iu
1054 927 1194 992 dominio
1227 951 1282 992 suo

278 1048 369 1108 erant
401 1041 451 1107 die
484 1042 590 1107 obitus
623 1041 784 1120 Edwardi,
806 1041 945 1126 exeeptis
966 1041 1017 1104 his
1040 1062 1117 1124 quas
1139 1039 1283 1104 homines

278 1153 458 1218 clamabant
489 1173 540 1216 me
573 1151 634 1216 sibi
666 1151 796 1217 dedisse.
843 1151 920 1216 Illas
952 1173 1024 1216 vero
1056 1150 1172 1214 litteris
1202 1150 1282 1214 mihi

278 1263 414 1347 signate,
437 1286 507 1346 quse
529 1261 595 1327 sint
608 1268 641 1327 et
661 1262 716 1348 qui
731 1285 783 1326 eas
798 1266 919 1327 tenent.
966 1260 1032 1339 Qui
1047 1265 1156 1325 autem
1171 1266 1284 1326 tenent

278 1373 476 1440 theinlaudes
503 1396 571 1458 quae
593 1373 799 1458 proculdubio
822 1372 937 1438 debent
959 1371 1059 1436 teneri
1079 1372 1118 1436 de
1140 1371 1281 1450 eeclesia,

278 1485 398 1549 saeiaut
409 1483 609 1549 concordiam
625 1506 698 1547 oum
713 1483 828 1548 abbate
843 1505 939 1567 quam
955 1482 1115 1546 meliorem
1130 1481 1282 1567 poterint,

277 1601 310 1660 et
332 1595 359 1660 si
381 1593 552 1659 noluerunt
581 1598 672 1658 terrm
705 1600 889 1658 remaneant
919 1593 960 1658 ad
991 1591 1164 1657 ecelesiam.
1211 1594 1282 1657 Hoe

278 1729 401 1791 quoque
415 1705 453 1770 de
475 1705 658 1770 tenentibus
680 1727 784 1769 sooam
816 1709 849 1770 et
879 1725 984 1768 saoam
1016 1703 1082 1768 fiat.
1136 1703 1283 1788 Denique

279 1816 437 1900 praecipite
459 1821 497 1880 ut
525 1815 574 1879 illi
596 1815 740 1880 homines
762 1815 881 1880 faciant
902 1820 1032 1899 pontem
1055 1812 1094 1878 de
1117 1813 1205 1893 Heli,
1228 1815 1282 1899 qui

279 1948 348 1991 meo
384 1929 539 2010 praeoepto
572 1931 605 1990 et
638 1924 843 2008 dispositione
875 1924 1036 2009 hueusque
1073 1923 1165 1987 illum
1197 1924 1282 1988 soliti

279 2039 356 2101 sunt
370 2035 489 2126 faeere.¹

311 2306 379 2373 [The
390 2306 521 2370 following
527 2306 588 2356 writ
598 2320 653 2355 was
664 2305 751 2355 isened
762 2305 919 2369 oonoerning
930 2305 1005 2356 those
1012 2307 1070 2357 who
1078 2307 1188 2358 claimed
1200 2308 1283 2358 under

277 2387 322 2436 tbe
333 2387 404 2452 king,
416 2401 451 2435 an
462 2386 596 2448 oxebange
607 2384 637 2433 of
644 2384 721 2432 lande
731 2384 810 2447 being
821 2382 987 2450 promised.]¹

320 2525 502 2591 Willelmus
525 2547 579 2590 rex
595 2524 787 2610 Anglorum,
805 2524 953 2590 Gosfrido
969 2528 1123 2612 episeopo,
1141 2533 1175 2593 et
1196 2527 1282 2593 Rod-

277 2638 366 2702 berto
403 2641 436 2702 et
472 2636 583 2701 comiti
616 2635 803 2716 Moritonio,
839 2635 984 2702 salutem.
1042 2639 1149 2706 Facite
1186 2640 1282 2704 simul

278 2747 384 2812 venire
405 2769 514 2811 omnes
536 2745 607 2809 illos
629 2745 685 2830 qui
708 2752 807 2809 terras
830 2753 941 2811 teuent
955 2747 994 2813 de
1015 2747 1172 2814 dominico
1193 2749 1282 2815 victu

277 2857 413 2923 eeclesia
434 2857 474 2923 de
496 2856 584 2937 Heli,
606 2868 639 2923 et
670 2857 741 2923 volo
763 2862 800 2921 ut
821 2858 950 2924 eeclesia
975 2882 1027 2925 eas
1056 2861 1171 2926 habeat
1199 2861 1282 2928 siout

277 2969 415 3034 habebat
433 2969 482 3033 die
505 2991 568 3053 qua
590 2967 764 3032 Edwardus
786 2992 841 3033 rex
863 2968 927 3036 fuit
948 2971 1040 3037 vivus
1066 2979 1100 3038 et
1124 2979 1282 3052 mortuus,

278 3086 311 3146 et
332 3079 359 3145 si
381 3079 495 3166 uliquis
516 3079 633 3144 dixerit
655 3079 739 3164 quod
773 3079 848 3144 inde
879 3081 917 3145 de
949 3104 1018 3148 meo
1049 3081 1130 3147 dono
1162 3083 1282 3170 aliquid

277 3191 402 3269 babent,
422 3189 571 3254 mandate
591 3189 671 3253 mihi
693 3191 948 3275 magnitudinem
963 3197 1062 3272 terrae,
1079 3200 1112 3260 et
1127 3195 1281 3280 quomodo

278 3325 348 3366 eam
370 3301 530 3378 reclamat,
552 3306 586 3364 et
607 3322 667 3384 ego
690 3300 861 3365 seeundum
890 3303 976 3388 quod
1007 3303 1145 3384 audiero,
1167 3312 1223 3370 aut
1253 3306 1283 3371 ei

277 3412 351 3477 inde
373 3409 630 3476 esoambitionem
653 3410 792 3489 reddam,
815 3417 872 3476 aut
893 3412 979 3476 aliud
1005 3413 1130 3478 faciam.
1175 3415 1282 3481 Facite

278 3522 375 3587 etiam
397 3527 435 3585 ut
456 3520 552 3584 abbas
577 3522 717 3605 Symeon
749 3520 865 3586 habeat
901 3544 1010 3588 omnes
1041 3525 1282 3590 eonsuetudines

279 3655 347 3717 quae
370 3631 410 3695 ad
432 3631 592 3694 abbatiam
616 3630 654 3694 de
679 3631 754 3695 Heli
776 3633 948 3715 pertinent,
970 3634 1053 3698 siout
1074 3658 1126 3699 eas
1145 3634 1282 3699 babebat

278 3749 454 3808 antecessor
476 3740 542 3823 ejus
557 3747 698 3825 tempore
713 3741 797 3825 regis
813 3742 972 3807 Edwardi.
1018 3745 1171 3809 Praeterea
1187 3745 1282 3810 facite

277 3861 315 3919 ut
337 3854 434 3918 abbae
456 3851 584 3914 saisitus
606 3851 649 3914 sit
668 3850 708 3914 de
729 3850 793 3914 illis
816 3851 1012 3918 theinlandis
1035 3877 1106 3938 quae
1128 3855 1167 3919 ad
1183 3855 1280 3920 abba·

278 3966 358 4030 tiam
383 3961 585 4049 pertinebant
607 3960 658 4025 die
679 3983 742 4046 quo
763 3983 819 4024 rex
842 3962 1017 4028 Edwardus
1038 3963 1102 4030 fuit
1124 3972 1281 4047 mortuus,

279 4077 307 4142 si
329 4077 376 4141 illi
398 4075 453 4161 qui
479 4095 530 4137 eas
561 4072 681 4137 babent
704 4093 810 4136 seeum
841 4074 1025 4140 oonoordare
1057 4077 1226 4157 noluerint,
1249 4086 1282 4144 et

279 4187 319 4252 ad
335 4187 420 4252 istud
435 4185 588 4270 plaoitum
611 4188 808 4248 summonete
824 4183 1022 4250 Willelmum
1044 4188 1082 4253 de
1098 4189 1280 4270 Gaurenna,

492 4385 500 4418 ¹
518 4383 596 4432 Liber
608 4383 726 4442 Eliensis,
741 4382 788 4432 256
803 4381 879 4447 (Aug.
894 4383 975 4434 Chris.
989 4384 1069 4447 Son).
