3286 5142
385 626 447 689 les
630 643 762 692 renarra
784 643 1130 692 suono-uonnarsron.

381 816 479 858 annos
503 793 652 861 redderet.
699 794 763 863 Qui
789 795 898 861 villam
929 795 1044 876 tenuit,
1070 793 1124 860 sed
1147 793 1380 859 nihilomnino

380 926 437 990 pro
460 927 496 969 ea
524 905 670 971 reddidit.
716 907 822 972 Quam
845 906 885 972 ob
913 929 1040 972 causam
1065 905 1161 970 abbas
1185 905 1224 970 nd
1248 905 1379 972 eandem

380 1013 489 1080 villam
498 1016 653 1100 quendam
662 1039 701 1082 ex
709 1017 870 1082 monachis
885 1017 950 1082 suis
963 1017 1194 1096 transmittens,
1204 1017 1380 1082 resaisiavit

380 1145 449 1188 eam
473 1127 507 1190 in
531 1148 628 1192 manu
651 1149 726 1207 sna,
748 1133 897 1213 reputans
923 1127 983 1192 sibi
1008 1127 1042 1192 in
1065 1127 1380 1212 quantulumcunque

379 1232 459 1298 lucri
473 1237 634 1321 provenire
648 1237 760 1302 saltem
774 1237 876 1322 ipsam
889 1237 998 1302 villam
1017 1237 1101 1318 (licet
1116 1237 1212 1302 etiam
1235 1236 1377 1322 aliquan·

380 1345 436 1410 din
460 1369 533 1411 cum
553 1347 743 1414 detrimento
767 1349 934 1413 constituti
948 1347 1100 1431 redditus)
1119 1348 1268 1427 obtinere,
1283 1369 1378 1432 quam

380 1462 513 1542 utroque
541 1457 645 1538 simul,
674 1463 707 1522 et
730 1456 804 1523 villa
830 1457 947 1522 scilicet
973 1463 1006 1522 et
1032 1454 1124 1521 solito
1149 1459 1215 1542 ejus
1241 1457 1377 1535 redditu,

379 1567 520 1634 destitui.
564 1568 635 1634 Hoc
670 1573 777 1633 autem
813 1569 934 1632 factum
970 1571 1161 1632 memoratus
1198 1567 1320 1646 Simon,
1345 1573 1378 1630 et

381 1678 540 1744 Walterus
561 1701 658 1764 gener
686 1681 764 1764 ejus,
795 1701 915 1744 necnon
943 1685 976 1744 et
1004 1677 1062 1743 filii
1091 1700 1208 1756 eorum,
1238 1677 1378 1761 graviter

380 1788 576 1874 accipientes,
592 1789 695 1854 multa
717 1791 798 1855 circa
823 1813 880 1854 nos
904 1789 1047 1873 deinceps
1070 1787 1193 1853 malitia
1216 1789 1264 1851 usi
1290 1794 1377 1867 sunt,

380 1899 470 1964 nobis
484 1921 604 1984 semper
617 1906 712 1986 prout
727 1901 873 1966 valebant
887 1901 1095 1966 adversantes.

422 2011 470 2074 Eo
495 2011 597 2094 igitur
620 2033 702 2076 anno
728 2033 789 2095 qno
813 2033 867 2075 rex
884 2011 1062 2102 Stephanus
1087 2015 1120 2074 et
1136 2007 1292 2092 Hearious
1313 2006 1379 2070 dux

379 2121 582 2187 Normanniae
618 2120 759 2186 soederati
795 2127 881 2201 sunt,
912 2121 1080 2186 ‘ltrrstinns
1120 2119 1204 2184 filius
1239 2118 1378 2202 ejusdem

381 2231 518 2296 Simonis
543 2232 703 2316 suggessit
727 2232 795 2314 regi
820 2231 967 2296 abbatem
991 2230 1205 2296 Abbendoniae
1226 2229 1378 2314 quasdam

378 2342 556 2406 hereditarii
580 2342 628 2405 sui
653 2342 734 2427 juris
759 2343 964 2427 possessiones
989 2341 1107 2425 injusta
1132 2347 1164 2405 et
1178 2339 1379 2405 fraudulenta

378 2452 540 2517 invasione
575 2454 643 2538 jam
677 2452 859 2537 aliquandiu
896 2474 1070 2537 occupasse.
1125 2451 1220 2516 Datis
1256 2451 1285 2515 ei
1320 2472 1378 2534 pro

379 2563 579 2628 restitutione
604 2565 781 2628 eorumdem
806 2563 996 2641 muneribus,
1012 2585 1066 2627 rex
1089 2561 1171 2626 illico
1201 2560 1309 2625 abbati
1324 2582 1379 2644 per

378 2675 470 2740 breve
493 2697 586 2739 suum
609 2673 774 2740 mandavit
799 2680 848 2756 ut,
863 2681 983 2739 remota
1010 2673 1097 2738 omni
1115 2673 1275 2749 dilatione,
1291 2671 1377 2756 quic-

379 2786 455 2871 quid
483 2787 651 2852 'llrrstinus
679 2809 773 2850 suum
802 2787 935 2866 dicebat,
965 2785 1115 2849 saisiaret.
1162 2785 1235 2850 Quo
1258 2783 1378 2862 audite,

378 2897 474 2963 abbas
489 2921 553 2961 non
566 2898 634 2962 leve
647 2899 801 2963 damnum
816 2897 992 2982 inspiciens,
1008 2918 1071 2961 non
1084 2894 1197 2961 leviter
1211 2894 1377 2958 consensit.

379 3007 532 3072 Adunata
558 3013 666 3073 tamen
694 3009 780 3072 curia
808 3031 874 3088 sua,
899 3009 983 3074 diem
1019 3008 1136 3072 statuit
1167 3027 1238 3090 quo,
1269 3004 1379 3070 habita

378 3116 608 3197 deliberatione,
638 3118 830 3202 excogitaret
859 3120 936 3204 quid
965 3141 1058 3204 super
1085 3120 1145 3183 hoc
1169 3116 1377 3203 responderet.

381 3228 403 3290 J
403 3250 456 3292 am
470 3226 576 3292 aderat
591 3227 655 3292 dies
669 3234 801 3308 statuta,
816 3235 849 3294 et
872 3231 1013 3295 nondum
1038 3228 1251 3294 consentiente
1265 3227 1379 3292 abbate

380 3345 418 3402 ut
447 3337 496 3404 vel
524 3345 602 3402 tune
631 3339 798 3404 'furstinus
827 3341 912 3424 quod
947 3341 1075 3426 petebat
1104 3339 1265 3423 acciperet,
1295 3337 1378 3401 sicut

379 3452 492 3538 primo,
507 3453 551 3516 sic
566 3450 699 3517 seeundo
715 3450 796 3517 diem
811 3452 945 3530 distulit,
962 3476 1024 3537 quo
1038 3451 1156 3516 scilicet
1177 3449 1378 3536 sapientiores

380 3564 418 3628 de
432 3562 490 3628 teli
504 3562 633 3646 negotio
648 3563 829 3628 consuleret.
865 3565 937 3630 Quo
952 3569 1062 3628 contra
1075 3562 1242 3629 Turstiuus
1255 3561 1378 3625 luorum

381 3697 474 3739 snum
501 3674 618 3739 differri
643 3673 847 3752 considerans,
862 3672 955 3738 ¹diem
979 3674 1094 3752 renuit,
1110 3695 1215 3757 regem
1242 3672 1330 3749 adiit,
1345 3677 1379 3735 et

380 3785 464 3872 quod
489 3785 578 3872 jussa
607 3785 690 3869 regis
718 3784 814 3849 abbas
843 3782 970 3868 implere
1006 3784 1151 3862 noluerit,
1187 3782 1380 3847 mendaciter

380 3897 552 3976 indicavit3
575 3897 701 3980 insuper
736 3902 788 3974 (ut
816 3897 910 3960 citius
942 3896 1008 3961 voti
1037 3917 1163 3980 compos
1191 3894 1375 3968 efficeretur)

380 4029 487 4091 regem
509 4007 652 4092 regisque
677 3991 873 4071 collaterales¹
883 4008 951 4091 jam
974 4007 1090 4072 iterum
1115 4004 1297 4070 muneribus
1318 4003 1379 4068 sibi
1422 4009 1426 4016 “

380 4117 490 4182 illexit.
537 4120 607 4183 Rex
627 4125 732 4182 autem
748 4141 873 4182 causam
888 4117 1029 4182 Tumtini
1039 4118 1161 4200 justam
1183 4115 1379 4192 existimans,

379 4227 556 4292 vicecomiti
585 4251 652 4308 suo,
675 4235 754 4306 tunc
783 4231 932 4313 temporis
960 4229 1098 4294 Henrico
1126 4229 1164 4292 de
1188 4225 1378 4304 oxeneford,

379 4337 526 4423 precepit
551 4344 601 4418 ut,
624 4339 729 4402 ablato
753 4339 840 4404 omni
866 4338 1027 4406 dilationis
1063 4336 1222 4424 scrupulo,
1252 4357 1378 4400 causam
