3286 5142
367 642 428 706 176
589 661 722 706 encoma
744 659 1091 706 suono-sonuum.
1147 705 1154 720 ,

365 810 420 894 qui
435 816 513 876 tunc
527 812 678 896 temporis
692 811 838 877 dominus
863 812 954 877 fundi
977 811 1162 890 videbatur,¹
1189 830 1281 894 super
1305 809 1365 874 hoc

366 920 476 985 multis
491 922 591 988 modis
606 929 789 1001 conventus,
815 928 849 988 et
878 943 932 1008 per
955 921 1114 1001 comitem,
1137 919 1364 998 vicecomitem,

364 1031 510 1097 abbatem
527 1039 559 1098 et
574 1055 646 1098 suos
660 1033 838 1118 requisitus,
852 1055 909 1119 per
918 1032 1091 1118 plurimum
1110 1037 1237 1116 tempus
1256 1035 1364 1094 actum

364 1142 568 1230 subterfugit,
583 1149 617 1210 et
630 1167 670 1208 ne
684 1143 864 1208 conflictum
880 1143 975 1208 iniret
990 1141 1207 1227 multipliciter
1217 1141 1363 1205 dissimu-

364 1252 453 1317 lavit.
499 1254 593 1318 Unde
608 1253 682 1318 licet
695 1252 868 1338 plurimum
882 1257 1009 1336 tempus
1024 1273 1109 1316 casso
1125 1250 1229 1316 labore
1252 1271 1363 1316 consu·

364 1368 512 1442 meretur,
528 1363 631 1428 noluit
645 1369 754 1428 tamen
769 1363 865 1427 abbas
884 1362 994 1446 coeptis
1017 1361 1171 1438 desistere,
1187 1361 1240 1425 sed
1263 1360 1363 1424 domi-

364 1495 442 1538 num
466 1495 573 1558 regem
591 1474 662 1539 tn'm
677 1495 732 1560 per
745 1496 789 1553 se,
803 1479 875 1538 tum
889 1495 944 1558 per
966 1494 1038 1537 suos
1062 1494 1141 1557 saepe
1166 1471 1364 1547 conveniens,

365 1589 403 1648 nt
428 1607 521 1648 causa
545 1585 669 1670 ipsein
696 1585 815 1650 curiam
840 1586 963 1668 regiam
987 1585 1209 1649 transferretur
1233 1583 1362 1648 tandem

364 1694 513 1758 obtinuit.
560 1695 620 1761 Sed
635 1695 762 1760 domino
777 1717 850 1778 rege
865 1695 997 1759 nuncin
1015 1693 1245 1760 Normanniam
1260 1699 1364 1757 trans·

364 1804 511 1886 fretante,
528 1806 660 1870 nuncin
675 1805 829 1890 Angliam
844 1805 1003 1886 redeunte,
1018 1804 1216 1890 negotiisque
1230 1803 1363 1888 propriis

363 1915 539 1996 insistente,
569 1939 641 1981 cum
671 1939 764 1980 causa
792 1915 899 1980 eadem
924 1937 1028 1981 coram
1053 1915 1190 2000 justiciis
1215 1915 1270 1999 qui
1296 1913 1363 1978 vice

365 2027 448 2111 regis
463 2027 496 2090 in
511 2026 581 2111 ejus
596 2025 682 2090 curia
696 2025 904 2109 presidebant
918 2025 1039 2090 diutins
1060 2025 1275 2104 ventilaretur,
1289 2022 1364 2088 licat

363 2157 419 2198 rex
433 2157 519 2199 nunc
532 2135 691 2200 mandatis
706 2157 790 2200 nunc
812 2138 975 2221 praeceptis
1001 2137 1108 2202 abbati
1133 2136 1363 2222 plenitudinem

363 2244 497 2329 justitia
534 2243 786 2330 frequentissime
826 2247 978 2312 indiceret
1018 2247 1168 2325 exhiberi,
1201 2267 1364 2331 nunquam

364 2361 471 2420 tamen
488 2378 535 2420 res
550 2355 649 2440 digno
664 2357 770 2441 potuit
785 2357 846 2422 fine
861 2357 1013 2422 concludi.
1057 2357 1195 2422 Domino
1210 2379 1282 2442 rege
1292 2362 1364 2421 tan-

365 2468 436 2532 dem
466 2466 549 2551 apud
579 2465 807 2533 Clarendonam
837 2490 957 2532 moram
987 2468 1130 2548 faciente,
1155 2473 1228 2553 post
1263 2466 1366 2531 multa
1469 2459 1475 2464 ’

365 2577 501 2642 adversa
515 2577 614 2662 pertis
630 2577 837 2662 subterfugia,
848 2585 919 2662 post
928 2578 1192 2644 dissimulationes
1203 2578 1364 2663 plurimas,

365 2695 437 2774 post
452 2687 574 2752 abbatis
589 2693 621 2753 et
637 2711 764 2753 suorum
788 2688 993 2772 fatigationes
1012 2689 1224 2766 multimodas,
1240 2688 1366 2772 utrique

364 2799 449 2883 parti
463 2799 549 2882 regia
563 2798 715 2864 indicitur
729 2799 928 2876 auctoritate,
940 2804 978 2863 ut
989 2799 1266 2877 diedeterminato,
1279 2799 1365 2882 regio

366 2908 516 2974 tribunali
530 2909 615 2992 apud
637 2908 740 2974 locum
764 2908 940 2996 praefatum,
964 2909 1031 2974 sine
1055 2909 1143 2974 omni
1169 2907 1365 2992 subterfugio

366 3025 399 3084 et
414 3018 662 3084 dissimulatione
676 3018 811 3084 debeant
825 3020 942 3104 pariter
957 3019 1111 3085 assistere.
1156 3020 1239 3084 Cum
1265 3019 1365 3103 igitur

366 3128 559 3195 excusationi
573 3130 642 3215 jam
654 3128 740 3194 locus
755 3153 817 3194 non
833 3136 924 3209 esset,
940 3137 1050 3196 assunt
1065 3129 1224 3215 utrinque,
1238 3129 1366 3194 domino

367 3263 441 3326 rege
454 3262 510 3325 pro
525 3239 677 3304 tribunali
692 3239 856 3306 residente.
900 3244 1021 3307 Astant
1044 3243 1078 3306 in
1100 3242 1202 3306 medio
1222 3263 1305 3305 unus
1327 3264 1366 3304 ex

367 3351 528 3416 monachis
542 3349 666 3414 abbatis
681 3351 865 3417 Osmundus
879 3352 1017 3431 nomine,
1033 3359 1066 3416 et
1081 3351 1196 3416 Petrus
1206 3352 1244 3416 de
1260 3349 1365 3415 Chriel

368 3458 468 3539 miles,
483 3459 538 3545 qui
553 3459 592 3523 ab
606 3459 699 3524 initio
713 3459 813 3526 totius
827 3460 920 3525 curiae
934 3461 1129 3546 incipientes,
1137 3460 1271 3546 qualiter
1285 3462 1366 3545 jam-

367 3570 454 3635 dieta
467 3575 552 3634 terra
565 3570 603 3634 de
619 3569 828 3648 Bernehorne,
845 3593 884 3635 ex
898 3577 987 3656 parte
1001 3571 1099 3636 fuerit
1113 3571 1246 3636 eoelasiae
1256 3571 1366 3635 Sancti

368 3680 504 3744 Martini
518 3679 557 3744 de
571 3679 659 3744 Bello
674 3680 759 3760 data,
775 3687 917 3766 exparte
932 3687 1122 3767 comparata,
1138 3681 1272 3766 qualiter
1281 3688 1366 3767 post·

343 3791 498 3856 'modum
535 3788 652 3869 ablata,
682 3813 842 3878 quousque
871 3791 968 3857 etiam
1001 3795 1069 3877 jam
1107 3815 1161 3877 per
1192 3792 1365 3876 plurimum

368 3907 493 3986 tempus
515 3905 587 3984 post
611 3899 678 3964 litis
702 3901 878 3985 ingressum
903 3907 1099 3966 transactum
1122 3924 1300 3987 processum
1325 3903 1368 3967 sit

367 4011 401 4076 in
416 4033 519 4090 causa,
535 4031 639 4076 coram
663 4033 736 4096 rege
760 4017 792 4077 et
815 4013 884 4097 ejus
908 4012 1110 4078 assessoribus
1131 4035 1172 4078 ex
1189 4012 1296 4078 ordine
1313 4036 1367 4078 ex·

367 4127 549 4206 posuerunt,
569 4121 716 4206 conqueri
740 4122 834 4187 etiam
857 4123 1039 4210 adjicientes
1061 4145 1154 4209 super
1176 4123 1312 4208 plurima
1334 4129 1369 4188 et

370 4230 567 4314 dispendiosa
581 4231 703 4316 negotii
725 4231 885 4313 dilatione,
900 4238 934 4298 et
954 4233 1078 4298 abbatis
1099 4255 1135 4298 ac
1157 4255 1285 4298 suorum
1307 4233 1368 4298 foa·

404 4361 411 4394 ¹
432 4365 473 4414 He
483 4364 544 4413 held
555 4363 630 4413 three
636 4363 752 4427 knights’
764 4365 818 4414 sees
827 4365 857 4414 of
867 4366 936 4415 John
946 4368 1001 4417 sarl
1012 4368 1043 4418 of
1051 4369 1098 4418 En.
1124 4370 1139 4418 1
1152 4369 1208 4418 Lib.
1217 4368 1277 4431 rig.
1286 4369 1327 4418 66.
