3286 5150
668 666 785 712 ianuar
808 668 846 713 11.
1197 650 1260 715 261

264 823 387 882 teretur
410 815 581 897 sententia,
596 817 630 882 in
646 817 772 903 publica
787 818 930 886 custodia
944 819 1100 885 Bedeford
1115 842 1264 905 suspenso

266 927 389 1012 judicio
411 950 467 1013 per
481 950 622 993 mensem
638 933 748 993 tentus
761 933 820 994 est.
846 980 853 994 .
879 979 886 994 .
912 978 919 993 .
943 930 1078 994 Factum
1093 936 1264 996 estantem

268 1047 305 1106 ut
324 1039 584 1106 convenientibus
599 1039 758 1105 edricum
776 1041 924 1124 Legtune
940 1038 1181 1126 magistratibus
1195 1063 1266 1105 reus

266 1174 302 1217 eo
325 1151 501 1216 duceretur.
547 1149 614 1214 Ubi
640 1172 713 1214 cum
737 1149 917 1234 impetitore
933 1172 989 1215 suo
1004 1150 1142 1216 Fuloone
1157 1173 1265 1217 mono·

268 1261 424 1327 muchium
449 1261 531 1326 inire
557 1265 614 1325 aut
634 1260 792 1347 judicium
822 1259 909 1346 ignis
939 1260 1044 1326 subire
1073 1261 1265 1346 postulavit3

269 1373 324 1437 sed
357 1377 516 1436 aunuente
546 1371 683 1436 Fulcoue
713 1371 901 1456 apparitore,
939 1371 993 1455 qui
1030 1372 1071 1436 ob
1100 1373 1134 1438 id
1162 1372 1266 1458 ipsum

269 1484 386 1548 bovum
398 1489 568 1568 acceperut,
582 1505 595 1568 J
601 1483 702 1548 udicio
712 1505 801 1568 aqua
811 1481 1009 1566 adjudicatus
1025 1489 1083 1566 est,
1093 1506 1133 1549 ne
1144 1507 1269 1570 quoquo

271 1595 363 1660 modo
386 1595 514 1661 evadere
538 1599 652 1678 posset.
700 1592 778 1658 Inde
804 1593 958 1660 Bedeiord
979 1594 1138 1674 reductus,
1152 1595 1187 1659 in
1203 1618 1269 1660 our·

270 1728 338 1772 cere
367 1727 507 1769 mensem
536 1703 654 1786 exegit.
710 1703 782 1768 Quo
811 1703 1073 1769 convenientibus
1098 1705 1270 1792 judicibus,

271 1838 345 1880 cum
363 1813 485 1898 judicio
507 1835 595 1896 uquae
610 1812 787 1877 traderetur
801 1812 1040 1893 examinandus,
1056 1815 1272 1880 damnationis

272 1947 335 1989 suu
364 1922 488 1988 tristem
519 1921 641 2006 excepit
664 1921 865 2002 senteutiam,
888 1922 1082 2007 eductusque
1103 1925 1142 1988 ed
1165 1925 1270 1990 locum

273 2031 536 2118 supplicii,ooulis
547 2031 666 2096 effossis
680 2037 713 2095 et
728 2030 872 2096 virilibus
887 2031 1016 2096 abscisis
1031 2031 1198 2097 mutilatus
1210 2039 1272 2112 est,

273 2167 342 2228 quae
357 2140 563 2207 multitudine
578 2140 706 2206 vidente
720 2141 821 2226 plebis
835 2147 924 2206 terrae
939 2141 1058 2206 infossa
1072 2148 1157 2207 sunt.

306 2280 360 2329 'I'be
381 2278 525 2328 chronicler
548 2277 672 2340 proceeds
694 2281 722 2327 to
743 2279 827 2328 relate
854 2279 900 2328 the
922 2279 1080 2328 miraculous
1102 2294 1225 2345 recovery
1248 2283 1278 2331 oi

274 2357 390 2408 Ailwurd
403 2355 516 2418 through
528 2354 573 2404 the
584 2355 759 2404 intervention
771 2356 802 2406 oi
810 2355 850 2405 St.
861 2356 973 2407 Thomas
987 2359 1011 2421 (a
1023 2355 1138 2420 Becket).

280 2931 412 3021 [Auum
431 2934 591 2999 Wrnnreu
606 2957 633 3000 c.
651 2933 752 3013 Jouu,
774 2951 841 2998 unu
865 2931 1018 3014 Maeona,
1033 2951 1100 2998 nun
1116 2935 1281 3012 chnenu,

638 3047 705 3111 Soa
720 3064 760 3109 or
774 3046 912 3128 Eunu]
927 3047 934 3080 ¹

282 3182 350 3247 [The
367 3183 484 3246 plaintiff
497 3184 589 3233 oluime
605 3198 622 3233 a
632 3182 761 3246 curtilage
773 3181 799 3230 iu
815 3181 924 3231 Loudon
935 3182 971 3246 by
982 3187 1062 3246 grant
1073 3183 1104 3231 os
1112 3183 1160 3244 W„
1171 3183 1286 3246 elleging

346 3261 407 3310 that
429 3262 452 3310 it
468 3261 520 3309 had
539 3262 605 3310 been
621 3260 739 3323 illegully
759 3259 883 3322 occupied
902 3260 938 3323 by
958 3261 1003 3309 the
1025 3259 1188 3310 defendente.
1231 3259 1285 3308 The

347 3336 433 3400 king's
448 3338 509 3388 urit
526 3339 622 3386 directe
642 3337 702 3386 that
715 3337 759 3385 the
779 3337 898 3399 question
915 3339 947 3385 be
958 3336 1066 3386 deoided
1078 3338 1113 3400 by
1124 3337 1284 3400 inquisition.

348 3413 571 3472 inadorandam,
584 3410 735 3461 summoned
744 3411 828 3461 thrioe
840 3415 868 3460 to
876 3411 922 3460 the
934 3412 1014 3462 court
1026 3413 1056 3461 of
1065 3413 1201 3475 Hustiogs,
1209 3412 1285 3461 make

348 3489 458 3552 desedit,
475 3490 528 3540 end
545 3489 592 3538 the
612 3487 729 3550 pluintiff
742 3502 860 3537 recovers
880 3489 915 3551 by
935 3489 981 3538 the
1000 3488 1101 3552 finding
1120 3489 1150 3538 oi
1166 3489 1285 3538 iuurteen

348 3565 429 3631 men]

289 3681 535 3746 Guannnnuuue
550 3680 634 3745 filius
651 3679 777 3744 Ruuulfi
793 3680 881 3744 dedit
894 3681 961 3745 Deo
976 3685 1008 3745 et
1024 3681 1160 3746 ecclesie
1176 3679 1287 3744 Sancti

289 3791 442 3875 Stephani
457 3790 495 3855 de
510 3790 660 3868 Cadomo,
677 3811 774 3853 uuam
791 3789 987 3854 mansionem
1002 3796 1093 3854 terrae
1109 3789 1190 3854 iufra
1201 3790 1286 3853 Lou-

287 3901 425 3980 doniam‚
450 3921 519 3984 quae
541 3899 604 3963 fuit
626 3898 763 3963 Liefredi
786 3898 899 3983 Angli,
914 3899 1009 3964 situm
1024 3899 1057 3962 iu
1073 3899 1289 3978 Wodestraia,

288 4032 383 4098 prope
397 4010 558 4076 ecclesiam
576 4009 686 4075 Sancti
701 4008 798 4088 Petri,
810 4009 948 4093 quietern
964 4009 1003 4074 de
1018 4008 1087 4093 golt
1102 4015 1135 4074 et
1150 4009 1188 4074 de
1204 4016 1290 4075 escot

288 4129 320 4188 et
339 4123 377 4187 de
399 4121 487 4185 omni
505 4121 567 4186 alia
587 4119 821 4191 cousuetudine.
838 4141 932 4202 quam
949 4119 1110 4184 Guarinus
1125 4117 1290 4184 Bucherell

322 4287 363 4332 ¹2
388 4282 521 4346 Palgravs,
545 4279 774 4340 Gommonweulth,
800 4279 853 4328 181.
889 4278 964 4328 From
986 4295 1003 4328 a
1026 4279 1183 4345 chartulary
1200 4280 1230 4330 os
1246 4282 1291 4330 tho

292 4363 382 4426 Abboy
395 4361 425 4410 os
435 4361 511 4410 Casu.
