3280 5132
356 625 397 686 82
601 644 733 689 amorra
757 645 1109 698 arcuo-rouunumcr.

355 794 437 861 comi
452 795 546 861 vultu
569 795 670 876 audit,
684 803 717 861 et
740 797 951 883 amplectitur,
967 800 1110 866 auditum
1134 801 1194 866 sibi
1216 801 1356 886 praestari

354 906 462 992 paucis
476 913 631 992 precatur.
666 909 812 993 Loquens
827 933 902 994 ergo
917 912 1033 977 obtulit
1049 936 1081 978 sc
1096 913 1146 978 vel
1162 917 1356 978 sacramento

354 1019 404 1084 vel
428 1019 490 1083 alia
514 1042 608 1103 quam
634 1021 738 1106 magis
764 1022 916 1106 eligerent
942 1024 1149 1090 ecclesiastica
1175 1024 1255 1109 lege,
1282 1047 1354 1110 pro·

353 1130 499 1195 baturam
525 1130 632 1196 solidae
658 1132 785 1198 veritati
812 1134 979 1200 subnixam
1006 1159 1071 1200 csse
1094 1137 1160 1220 jam
1191 1136 1352 1200 definitam

354 1241 507 1306 rationem
523 1244 634 1309 suam.¹

431 1931 516 2013 [Tan
540 1933 630 1998 Kuro
653 1957 680 1999 o.
705 1933 836 1998 Ronnnr
859 1935 976 2000 Manui
998 1954 1035 1999 ar
1057 1954 1107 1999 ru.
1156 1931 1278 2015 1102.]²

693 2094 786 2161 [Fines
797 2095 849 2146 and
860 2096 1009 2162 cutiam]

351 2246 450 2310 Arno
475 2246 514 2310 ab
540 2247 756 2313 incarnatione
781 2247 913 2313 Domini
937 2247 1066 2328 Men,
1092 2245 1263 2312 indictione
1278 2245 1351 2323 IX,

351 2357 520 2438 Henricus,
535 2379 592 2422 rex
606 2358 795 2443 Anglorum,
811 2381 886 2443 pace
901 2382 974 2423 cum
990 2360 1151 2424 Rodberto
1173 2358 1270 2423 fratre
1296 2379 1352 2421 suo
1387 2355 1391 2368 '

351 2466 445 2548 facta,
459 2467 494 2532 in
520 2490 617 2552 regno
641 2468 846 2533 confirmatus
870 2474 929 2549 est,
943 2476 977 2534 et
992 2491 1085 2554 super
1099 2468 1282 2553 proditores,
1297 2465 1353 2551 qui

350 2585 491 2664 temporo
514 2579 709 2644 necessitatis
736 2603 798 2644 suae
824 2581 968 2664 nequiter
991 2579 1031 2644 ab
1060 2579 1115 2644 illo
1145 2578 1352 2657 desciverant,

350 2690 504 2774 paulatim
526 2689 635 2755 ulcisci
657 2697 788 2756 conatus
803 2697 862 2758 est.
907 2692 994 2756 Nam
1009 2690 1218 2768 Rodbertum,
1233 2711 1350 2774 cogno·

350 2805 459 2866 mento
474 2800 633 2866 Maletum
648 2807 680 2866 et
696 2802 828 2866 Ivonem
844 2803 882 2866 de
903 2801 1191 2880 GrentemaianiliO,
1208 2799 1350 2865 Rodber-

350 2915 419 2975 tum
444 2911 482 2976 de
506 2910 719 2991 Pontel'racto,
736 2911 837 2975 filium
864 2911 976 2976 Ilberti
992 2912 1031 2976 de
1047 2911 1170 2985 Laceio,
1186 2915 1218 2975 et
1239 2915 1351 2994 poten·

349 3021 463 3085 tiorem
486 3020 633 3084 omnibns
659 3021 733 3099 illis,
749 3021 946 3086 Rodbertum
970 3021 1008 3088 de
1032 3021 1190 3101 Belismo,³
1213 3019 1350 3104 aliosque

349 3130 549 3218 quamplures
574 3131 613 3195 ad
647 3131 802 3216 judicium
828 3133 1041 3213 summonuit;
1076 3155 1132 3196 ncc
1162 3132 1267 3211 simul,
1297 3131 1351 3196 sed

349 3242 527 3329 separatim,
543 3243 701 3326 variisque
719 3245 925 3328 temporibus,
940 3246 978 3310 dc
1002 3244 1198 3310 multimodis
1225 3243 1349 3308 violatur

349 3355 421 3420 fidei
436 3355 573 3420 reatibus
588 3354 808 3440 implacitavit.
854 3357 1016 3422 Quosdam
1031 3379 1149 3434 eorum,
1172 3354 1227 3440 qui
1252 3377 1284 3420 se
1310 3355 1350 3419 de
1457 3369 1462 3376 “

350 3465 475 3550 objecto
500 3464 632 3530 crimine
657 3487 793 3551 purgare
818 3488 882 3531 non
908 3471 1065 3552 poterant,
1080 3465 1205 3550 ingenti
1218 3465 1350 3550 pecunia

349 3577 582 3656 condemnavit,
597 3575 674 3640 alios
689 3599 773 3655 vcro,
788 3599 866 3661 quos
888 3577 994 3662 magis
1019 3583 1179 3662 suspectos
1202 3577 1350 3658 habebat,

348 3687 628 3774 irrecuperabiliter
642 3686 844 3753 exheredatos
859 3689 984 3753 exulare
998 3689 1152 3773 compulit
1154 3737 1324 3756 .....

392 3799 590 3865 Rodbertum
616 3797 655 3864 de
680 3799 892 3876 Pontefracto,
908 3806 941 3865 et
964 3799 1161 3865 Rodbertum
1188 3799 1347 3864 Maletum

349 3909 476 3996 placitis
512 3908 685 3992 impetivit,
707 3914 741 3973 et
777 3908 949 3974 honoribus
986 3909 1175 3994 exspoliatos
1211 3916 1348 3975 extorres

349 4019 481 4106 expulit.
527 4019 658 4084 Ivonem
696 4041 828 4104 quoque,
864 4019 937 4104 quia
974 4042 1121 4104 guerram
1158 4019 1191 4084 in
1227 4019 1349 4106 Anglia

479 4206 485 4238 ¹
506 4206 559 4254 But
571 4207 616 4253 she
627 4221 680 4253 was
692 4206 746 4253 told
759 4207 818 4254 that
829 4207 901 4254 thera
913 4221 966 4254 was
978 4221 1011 4254 no
1023 4206 1087 4253 need
1097 4206 1127 4254 os
1136 4207 1196 4255 this.

478 4287 488 4319 ¹
505 4285 594 4334 eoru.
606 4287 685 4335 vital.
699 4289 753 4344 161,
767 4287 815 4338 167
832 4287 946 4346 (Frsnoh
958 4287 1027 4334 Hist.
1042 4287 1118 4348 Soc).

477 4362 488 4395 ³
506 4363 641 4412 Ontlawsd
652 4379 715 4412 soon
727 4364 888 4413 afterwards.
924 4364 1060 4424 Scelesta.
