3298 5162
696 655 868 701 neeevmx.
1216 639 1276 700 :317

368 867 463 906 Breve
483 867 521 906 DB
541 861 707 906 necro'l’no
726 865 856 905 eenmru
876 866 982 904 LIBERO
1001 865 1040 904 AD
1059 865 1193 905 EUNDEM.

314 966 371 1020 Iter
385 967 421 1020 N.
433 965 554 1021 salutem.
581 965 700 1036 Preeipio
713 965 771 1030 tibi,
784 965 854 1037 quod
867 965 1282 1037 sinedilationepienumrectum

276 1057 368 1109 tenens
389 1054 425 1108 N.
436 1054 469 1108 de
492 1057 599 1108 centurn
620 1053 740 1107 solidetis
762 1053 880 1107 redditus
894 1052 923 1106 in
941 1053 1005 1108 ville
1023 1053 1077 1118 ille,
1098 1072 1177 1124 quein
1188 1053 1285 1108 elamet

277 1144 367 1195 tenere
394 1140 426 1195 de
448 1145 474 1196 te
498 1159 545 1211 per
565 1140 680 1194 liberum
701 1139 842 1194 servitium
869 1145 917 1196 etc.
945 1140 985 1194 vei
1005 1159 1051 1210 per
1075 1139 1214 1195 servitium
1236 1147 1283 1198 etc.

278 1227 316 1282 m
326 1227 378 1282 nisi
391 1226 495 1291 feceris,
508 1229 651 1282 vicecomes
664 1226 765 1283 Oxonie
784 1225 871 1290 societ,
885 1245 918 1281 ne
931 1227 1044 1297 emplius
1066 1227 1128 1282 inde
1144 1226 1284 1283 clamorem

278 1313 384 1390 audiam
397 1333 445 1386 pm
457 1313 563 1369 defectu
575 1312 651 1369 recti.
688 1313 718 1368 T.
732 1310 781 1368 et'c.
813 1313 872 1368 Lib.
887 1315 930 1378 12,
943 1333 964 1370 c.
974 1315 999 1368 4.

332 1607 427 1646 BRNVB
447 1607 484 1646 Dr
505 1605 595 1644 BBOTO
615 1605 670 1644 1³20
689 1603 868 1643 TBNENENTO
888 1604 945 1642 vm.
965 1603 1094 1644 nenmru
1115 1604 1230 1644 mmo,

315 1696 371 1750 Rex
383 1695 546 1750 R.seiutem.
571 1693 691 1764 Precipio
703 1692 761 1755 tibi,
774 1691 844 1762 quod
852 1690 927 1761 juste
940 1696 968 1746 et
979 1691 1037 1770 sine
1046 1691 1173 1748 diletione
1187 1693 1283 1748 hebere

278 1781 358 1835 facies
370 1783 407 1835 N.
420 1786 447 1836 et
460 1783 492 1835 Δ.
505 1779 580 1834 uxori
592 1797 648 1842 sue,
661 1777 846 1833 rationabilem
867 1781 970 1849 portem
989 1797 1075 1842 suam,
1093 1797 1144 1849 que
1162 1799 1206 1834 ees
1224 1799 1285 1836 con·

277 1867 361 1938 tingit
373 1867 405 1922 de
424 1885 477 1921 uno
498 1866 634 1936 mesuagio
655 1865 684 1920 in
706 1865 752 1920 ille
772 1864 845 1928 ville,
865 1883 945 1935 quam
967 1864 1082 1921 clement
1102 1866 1233 1936 pertinere
1251 1868 1285 1921 ad

278 1953 390 2008 liberum
405 1957 586 2008 tenementum
599 1971 686 2017 suum,
699 1951 769 2023 quod
782 1957 875 2007 tenent
893 1951 925 2006 de
947 1952 1054 2006 domino
1073 1970 1134 2023 rege
1152 1951 1181 2006 in
1193 1953 1284 2008 eedem

277 2040 343 2095 ville
363 2060 410 2112 per
429 2040 542 2095 liberum
563 2039 701 2094 servitium
715 2040 827 2094 duorum
848 2038 993 2094 solidorum
1012 2057 1059 2109 per
1077 2053 1284 2104 cenomannum,

278 2127 322 2182 vel
338 2128 370 2182 de
392 2146 447 2183 une
468 2131 585 2182 mareote
607 2127 725 2181 redditus
744 2127 771 2180 in
784 2126 831 2181 iile
843 2126 915 2190 villa,
928 2145 1008 2198 quem
1022 2126 1137 2180 clement
1149 2126 1181 2182 de
1204 2127 1285 2182 libero

277 2214 419 2284 nmritnssio
440 2215 523 2286 ipsius
537 2215 571 2268 A.
584 2213 654 2268 unde
677 2217 834 2285 queruntur,
853 2213 924 2284 quod
943 2213 974 2266 B.
995 2231 1068 2266 soror
1087 2212 1170 2284 ipsius
1188 2213 1223 2268 A.
1245 2215 1283 2268 eis

277 2301 414 2365 deforeiet,
439 2300 481 2355 vel
505 2319 585 2372 quain
610 2301 643 2356 G.
662 2301 700 2354 eie
718 2300 852 2355 deforciat.
889 2299 927 2354 Et
951 2299 1004 2353 nisi
1023 2299 1120 2362 feceris,
1140 2299 1283 2356 vicecomes

276 2387 402 2442 facietne
414 2387 528 2459 emplius
540 2391 643 2460 oportet
655 2387 716 2442 inde
729 2386 852 2458 conqueri
864 2404 912 2457 pro
924 2385 1026 2441 defectu
1036 2385 1153 2458 justicie.
1190 2387 1221 2442 Τ.
1234 2390 1283 2442 ete.

277 2473 337 2529 Lib.
353 2476 395 2539 12,
407 2493 428 2529 e.
441 2477 466 2531 ὅ.

290 2817 386 2856 Breve
405 2817 443 2856 DE
463 2815 553 2856 BEO'I'O
573 2817 610 2855 DE
630 2816 691 2856 NON
712 2816 850 2855 veneno
870 2815 1005 2854 TENENTE
1025 2815 1175 2855 mommo
1195 2815 1265 2855 CON-

559 2904 775 2944 consummes
791 2903 826 2942 m*
844 2903 999 2942 saeviens.

315 2995 373 3050 Rex
384 2993 420 3048 N.
433 2991 553 3050 salutem.
593 2992 724 3048 Prohibeo
735 2991 794 3056 tibi,
813 3011 845 3047 ne
860 2991 960 3064 injuste
972 3009 1050 3047 vexes
1062 2989 1106 3046 vel
1124 2991 1211 3047 vereri
1225 3010 1283 3062 per-

278 3085 371 3140 mittes
384 3083 421 3138 H.
435 3082 467 3138 de
480 3083 562 3138 libero
575 3085 726 3138 tenemento
738 3100 794 3147 suo,
807 3079 877 3152 quod
896 3084 973 3135 tenet
992 3079 1024 3135 de
1045 3082 1071 3134 te
1093 3079 1121 3133 in
1142 3078 1187 3133 ille
1199 3078 1282 3143 ville3

276 3191 325 3228 nee
337 3171 398 3226 inde
410 3170 443 3225 ab
456 3189 486 3226 eo
498 3171 588 3242 exiges
601 3171 643 3225 vel
655 3170 726 3241 exigi
738 3169 878 3240 permittes
896 3167 1098 3222 consuetudines
1111 3167 1153 3222 vel
1166 3166 1283 3230 servitia,

277 3279 329 3331 que
342 3259 391 3314 tibi
405 3258 466 3313 inde
484 3260 567 3314 secere
584 3276 640 3312 non
658 3257 743 3322 debet,
757 3256 798 3311 vel
816 3275 867 3328 que
887 3260 1064 3310 antecessores
1085 3256 1126 3310 eui
1147 3255 1208 3310 inde
1228 3275 1283 3310 non

277 3346 408 3408 fecerunt,
420 3361 468 3399 nee
480 3345 563 3399 secere
581 3343 726 3398 debuerent
737 3347 855 3412 tempore
869 3341 905 3396 Η.
919 3343 999 3412 regis,
1021 3342 1064 3396 evi
1083 3341 1142 3396 mei.
1174 3341 1212 3396 Et
1230 3343 1281 3396 nisi

275 3432 375 3496 feceris,
388 3431 532 3486 vicecomes
544 3430 629 3494 faciet,
643 3447 676 3484 ne
688 3432 793 3500 oportet
806 3446 866 3483 eum
879 3427 995 3499 emplius
1016 3428 1077 3484 inde
1095 3427 1218 3498 conqueri
1232 3433 1281 3484 etc.

279 3521 309 3574 Τ.
324 3523 372 3574 ete.
405 3517 612 3582 Lib.12.e.10.

512 3841 608 3881 BBEVE
627 3839 666 3879 DE
685 3837 803 3878 NATIVIS
822 3837 856 3876 H*
876 3837 1035 3878 ruo1r1vle.

314 3949 371 4004 Rex
381 3946 528 4002 vicecomiti
536 3946 658 4001 salutem.
686 3944 805 4015 Precipio
817 3943 876 4008 tibi,
889 3943 960 4015 quod
968 3943 1041 4015 juste
1053 3947 1081 3999 et
1090 3943 1146 3998 sine
1154 3943 1281 4000 dilatione

276 4036 357 4092 facies
370 4033 465 4090 bebere
477 4033 516 4090 Μ.
531 4033 564 4088 R.
578 4033 700 4087 nativum
714 4050 792 4086 suum
806 4036 833 4086 et
845 4031 990 4102 fugitivum
1003 4049 1081 4086 snum
1090 4049 1149 4086 eum
1159 4031 1281 4087 omnibus

277 4121 381 4178 catellis
399 4121 455 4176 suis
468 4126 566 4176 etcum
580 4124 639 4176 tete
657 4117 762 4190 sequela
774 4137 830 4182 eus,
845 4118 994 4190 ubicunque
1012 4119 1137 4174 inventus
1156 4119 1235 4175 suerit
1254 4121 1281 4174 in

277 4209 376 4265 bellive
387 4212 443 4273 bre,
461 4207 513 4263 nisi
526 4207 562 4262 eit
574 4207 603 4261 in
622 4206 753 4262 deminico
771 4224 837 4270 meo,
856 4205 903 4277 qui
920 4204 993 4277 sugit
1014 4205 1046 4260 de
1066 4209 1137 4259 term
1155 4225 1203 4261 sue
1223 4213 1282 4279 post

277 4298 391 4369 primam
409 4294 606 4351 coronationem
626 4312 721 4349 mesni.
758 4292 796 4348 Et
814 4291 948 4364 prohibeo,
969 4289 1007 4346 ne'
1023 4293 1083 4363 quis
1102 4311 1162 4346 euin
1182 4293 1282 4364 injuste

276 4385 488 4454 detineatsnper
501 4381 697 4437 forisfacturam
712 4399 806 4435 meam.
844 4381 876 4436 Τ.
889 4383 938 4435 etc.
970 4379 1027 4434 Lib.
1043 4380 1084 4439 12.
1097 4399 1118 4436 e.
1134 4382 1174 4436 ll.
