3280 5132
733 647 841 694 HENRY
866 650 888 695 1.
1266 641 1305 704 87

485 799 622 884 [Monns
637 817 677 862 or
692 801 744 866 Sr.
761 801 962 870 Aususrrun.
1009 806 1133 892 1103.]ι

308 933 376 999 [The
403 935 489 999 king's
516 936 576 986 writ
598 937 761 1065 grantingAa
777 937 848 1001 right
870 939 901 1081 th'
923 939 977 990 fair
996 945 1026 992 to
1048 942 1093 993 the
1111 944 1204 995 monks
1219 945 1251 995 of
1265 946 1305 998 St.

746 1017 877 1078 ugustine.

308 1129 491 1210 Hmsrcus,
520 1151 576 1194 rex
611 1128 802 1213 Anglorum,
828 1129 980 1196 Anselmo
1011 1133 1240 1220 archiepiscopo
1270 1141 1305 1202 et

307 1240 460 1305 Haimoni
475 1238 652 1304 vicecomiti
667 1245 700 1304 et
714 1239 861 1305 omnibus
881 1239 1049 1308 baronibus
1075 1244 1151 1326 suis,
1175 1245 1303 1312 Francis

303 1356 337 1417 et
351 1350 479 1436 Anglis,
495 1350 595 1415 totius
617 1350 754 1436 Angliae,
777 1351 921 1418 salutem.
968 1353 1082 1418 Sciatis
1107 1377 1158 1420 me
1182 1354 1303 1421 dedisse

303 1469 337 1528 et
357 1461 544 1528 concessisse
566 1462 727 1527 monachis
744 1463 853 1527 Sancti
868 1464 1047 1548 Augustini
1062 1465 1175 1532 habere
1189 1467 1300 1532 feriam

302 1573 336 1638 in
358 1573 564 1638 translatione
585 1571 683 1658 ipsius
710 1573 812 1637 sancti
845 1573 928 1657 apud
959 1575 1207 1657 Cantorberiam,
1230 1599 1301 1663 quae

302 1689 351 1748 est
375 1683 453 1747 Idus
480 1681 684 1768 Septembris,
710 1682 822 1768 quinto
851 1683 903 1748 die
926 1690 999 1770 post
1028 1685 1146 1751 Natala
1177 1687 1301 1753 Sancta

301 1793 424 1873 Mariae,
438 1799 472 1858 et
486 1793 579 1858 duret
600 1815 656 1878 per
677 1793 817 1878 quinque
849 1794 915 1858 dies
945 1801 1020 1860 ante
1050 1795 1167 1861 festum
1200 1798 1301 1885 ipsius

300 1906 413 1985 saneti,
435 1911 467 1970 et
489 1904 567 1968 duos
588 1909 660 1989 post
681 1903 810 1970 festum.
854 1905 899 1969 Et
920 1905 1065 1992 praecipio
1086 1913 1124 1972 ut
1137 1931 1245 1973 omnes
1260 1909 1301 1974 ad

299 2039 370 2084 eam
399 2016 572 2097 venientes,
595 2022 628 2080 et
650 2015 683 2080 in
706 2037 743 2080 ea
764 2022 935 2095 morantes,
957 2023 990 2082 et
1011 2018 1050 2083 ab
1073 2041 1110 2083 ea
1123 2018 1299 2100 redeuntes,

298 2129 436 2194 habeant
457 2127 582 2190 firmam
604 2147 711 2210 paoem
734 2149 855 2193 meam:
886 2133 920 2192 ct
949 2149 1043 2192 nemo
1072 2127 1118 2192 cis
1150 2125 1298 2214 injuriam

298 2239 404 2317 faeiat,
426 2235 539 2302 necin
561 2235 690 2301 civitate
712 2235 763 2301 vel
785 2243 875 2301 extra
896 2236 1010 2323 aliquis
1039 2237 1220 2304 theloneum
1241 2262 1298 2325 per

298 2350 355 2415 hos
394 2347 460 2412 dies
496 2346 602 2432 capiat
638 2345 700 2410 nisi
731 2345 878 2412 monaehi
909 2353 943 2413 et
975 2347 1147 2413 servientes
1176 2371 1295 2417 eorum.

298 2458 445 2527 'Postibus
467 2456 616 2522 'lbrrstino
638 2456 799 2542 capellano
820 2463 854 2522 et
878 2457 1034 2523 Haimone
1048 2458 1197 2544 dapifero,
1211 2462 1294 2546 apud

298 2568 506 2650 Irondoniam,
524 2569 597 2634 Kal.
617 2568 778 2654 Septemb.

415 3314 512 3398 [Mun
533 3332 573 3377 or
594 3311 772 3377 Wnrsrrau
794 3333 822 3378 o.
846 3313 982 3379 Ossros.
1028 3313 1172 3400 1104?]²

292 3453 360 3519 [Tho
376 3452 461 3514 king's
472 3450 531 3501 vrit
543 3449 710 3514 dirohmging
720 3451 904 3593 ihedffiffi
924 3451 992 3502 from
1009 3451 1121 3516 liability
1137 3454 1167 3502 to
1183 3453 1229 3503 ane
1245 3453 1288 3504 de-

733 3543 766 3578 an
831 3563 838 3576 ι

291 3657 474 3731 Hannrous,
518 3675 573 3718 rex
618 3653 755 3738 Angliae,
785 3654 957 3719 Willielmo
994 3656 1104 3736 Osato,
1140 3655 1285 3724 salutem.

288 3763 439 3849 Praecipio
459 3762 521 3827 tibi
544 3768 582 3828 ut
608 3763 752 3828 dimittas
777 3764 811 3828 in
836 3787 911 3848 pace
933 3763 1075 3829 homines
1100 3765 1224 3830 abbatis
1247 3767 1286 3833 de

288 3875 494 3955 Abbendona,
509 3873 564 3958 qui
579 3874 701 3939 suntin
717 3874 891 3949 Wisseleia,
907 3897 984 3959 quos
993 3875 1134 3960 requiris,
1144 3875 1286 3963 quiaego

287 3988 464 4053 clamosos
490 3985 619 4070 quietos.
675 3985 767 4050 'I'este
790 3987 916 4070 Rogero
935 3985 1052 4069 Bigot3
1089 3987 1172 4072 apud
1192 3987 1286 4053 Win-

286 4099 433 4166 dresores.

505 4234 513 4266 ¹
532 4234 602 4284 Hist.
614 4235 683 4284 Mon.
699 4233 738 4284 St.
750 4235 817 4297 Aug.
829 4233 878 4284 858
889 4234 963 4296 (Rea.
976 4233 1059 4298 Com.)

507 4315 518 4349 ¹
536 4313 632 4364 anio.
645 4313 715 4362 Mon.
727 4311 839 4376 Abingd.
851 4313 885 4362 94
901 4313 976 4372 (Boo.
989 4311 1081 4376 Gom).
