3286 5142
672 685 782 730 snuar
804 685 828 730 1.
1190 667 1253 731 123

201 839 209 854 '
247 843 339 922 pacto
354 837 436 902 banc
451 837 489 902 da
504 861 567 926 qua
581 839 689 924 agitur
703 839 865 906 ecclesiam
879 840 918 906 de
942 838 1032 906 Bello
1056 837 1117 904 sibi
1141 837 1250 923 subju-

248 951 353 1036 gando
368 953 542 1021 ancillarst.
588 955 623 1018 Is
638 953 745 1040 itaque
764 977 784 1019 a
805 953 894 1038 regia
915 957 1082 1038 gratanter
1104 951 1253 1038 magnifi-

248 1062 352 1128 centia
366 1071 526 1151 exceptus,
539 1072 612 1150 post
625 1064 692 1132 dies
707 1063 836 1132 tandem
860 1064 1005 1131 solennes
1026 1063 1182 1130 adventus
1204 1063 1254 1128 sui

249 1197 376 1240 causam
390 1177 459 1262 regi
474 1201 529 1263 per
543 1177 756 1244 internuntios
771 1177 927 1263 sagaciter
941 1199 1110 1262 suggerere
1120 1175 1252 1243 curarit.

250 1285 338 1372 Rege
352 1287 458 1372 itaque
473 1287 641 1355 immodice
655 1289 722 1373 ejus
736 1289 821 1354 votis
835 1311 892 1373 pro
906 1287 954 1353 sui
969 1287 1144 1354 reverentia
1158 1294 1191 1353 et
1213 1286 1253 1353 ob

247 1396 281 1462 id
307 1419 403 1482 quam
421 1399 559 1465 maxime
579 1400 663 1486 quod
687 1399 727 1467 de
750 1406 819 1466 tam
844 1399 974 1484 remotis
999 1399 1143 1484 partibus
1168 1398 1254 1464 ultro

248 1531 337 1572 suam
373 1510 542 1594 expetisset
570 1511 701 1592 curiam,
730 1512 834 1578 favere
863 1516 1011 1590 conante,
1041 1510 1117 1576 hinc
1142 1515 1253 1576 tamen

248 1618 365 1704 absque
380 1621 509 1687 consssio
523 1621 569 1688 nil
584 1622 707 1689 deliniri
729 1623 925 1690 deliberavit.
971 1622 1075 1688 Affirit
1095 1621 1199 1706 igitur
1221 1627 1254 1687 et

249 1736 327 1796 tunc
341 1731 426 1798 inter
449 1735 586 1820 reliquos
610 1734 700 1820 regni
726 1735 879 1820 primores
903 1733 1059 1813 incuria,
1085 1734 1136 1798 uti
1160 1733 1254 1818 regia

250 1841 330 1907 aulae
367 1845 495 1910 secretis
531 1866 596 1910 non
626 1846 781 1924 exclusus,
812 1851 1005 1910 memoratus
1033 1845 1083 1909 vir
1108 1843 1254 1910 dominus

251 1953 451 2034 Gausfridus,
481 1956 635 2022 Bellensis
665 1956 800 2022 ecclesia
832 1960 1023 2041 procurator.
1085 1955 1152 2021 Qui
1177 1956 1255 2020 dum

250 2062 315 2128 haec
339 2063 420 2129 forte
442 2064 595 2144 rescisset,
622 2088 724 2132 causae
748 2088 814 2131 non
837 2065 979 2151 segniter
1002 2088 1058 2150 per
1080 2087 1113 2130 se
1139 2087 1254 2151 perque

250 2195 313 2238 suae
341 2172 481 2240 fautores
512 2175 688 2260 prudentiae
711 2177 891 2256 intendens,
915 2174 990 2242 binc
1016 2177 1102 2261 regis
1124 2175 1254 2260 penitus

250 2284 392 2348 animum
407 2285 537 2369 provide
553 2287 695 2372 perstitit
709 2293 859 2354 avertere.
904 2288 985 2353 Cum
1001 2308 1078 2370 ergo
1092 2286 1152 2352 hac
1167 2286 1206 2352 de
1221 2309 1255 2352 rc

250 2392 376 2460 abbatis
399 2395 539 2478 ejusdem
566 2395 758 2480 legationem
785 2420 841 2463 rex
870 2397 1055 2482 excepisset,
1079 2395 1213 2462 dicentis
1236 2417 1255 2461 a

250 2509 340 2587 putre
354 2503 453 2589 ipsius
468 2528 543 2590 rege
557 2505 719 2572 Willelmo
734 2506 817 2572 Belli
832 2506 1058 2572 monasterium
1077 2505 1112 2570 in
1133 2505 1254 2591 subjec-

251 2613 349 2678 tionis
363 2613 541 2680 dominium
556 2614 676 2702 Majori
691 2617 888 2684 Monasterio
902 2617 942 2682 ab
958 2616 1051 2682 initio
1061 2615 1257 2682 fundationis

251 2725 338 2790 illius
359 2726 519 2808 collatum,
531 2727 781 2793 confirmationis
804 2727 1005 2794 munimenta
1026 2727 1101 2793 binc
1123 2727 1163 2793 ab
1188 2727 1256 2812 ipso

251 2837 381 2921 provide
394 2838 478 2924 regii
493 2839 665 2924 exigebant
679 2839 861 2906 consiliarii.
905 2841 958 2906 Ad
981 2840 1047 2906 baec
1061 2861 1134 2905 cum
1149 2839 1256 2920 abbas,

251 2947 336 3012 tanti
362 2945 423 3012 viri
453 2949 572 3014 donum
599 2950 789 3015 verbotenus
813 2949 966 3016 collatum
990 2950 1108 3036 absque
1139 2949 1257 3016 arbitro

252 3080 342 3142 posse
365 3059 514 3138 sufficere,
541 3083 598 3127 nec
623 3084 717 3146 super
742 3061 802 3126 hoc
826 3061 989 3146 quodlibet
1012 3061 1256 3127 confirmationis

252 3169 390 3234 edictum
406 3192 595 3256 quemquam
611 3172 763 3238 hactenus
778 3173 934 3258 quaesisse,
950 3173 1026 3259 quia
1039 3196 1096 3239 nec
1118 3197 1257 3239 necessa-

252 3279 335 3343 rium
349 3279 414 3344 fore
429 3281 596 3365 putabunt,
613 3287 788 3362 astrueret3
812 3307 995 3369 responsum
1019 3290 1078 3363 est,
1101 3307 1167 3348 non
1192 3282 1257 3348 fore

253 3394 358 3454 ratum
373 3413 463 3475 posse
478 3392 680 3459 donationem
695 3399 794 3459 tantae
809 3395 854 3460 rei
870 3395 926 3459 ubi
941 3395 1060 3460 scilicet
1074 3401 1106 3460 et
1120 3393 1258 3460 liberalis

252 3499 424 3565 auctoritas
437 3501 637 3585 dignitatum
660 3527 782 3570 necnon
807 3512 841 3571 et
866 3505 961 3591 regiae
986 3527 1106 3570 coronae
1129 3505 1259 3571 extabat

253 3611 390 3694 signum,
422 3612 449 3676 si
474 3636 538 3679 non
569 3620 628 3680 aut
653 3621 811 3682 cartarum
838 3623 895 3681 aut
921 3622 1006 3683 certe
1028 3616 1159 3682 testium
1184 3616 1259 3681 viva

252 3743 328 3786 voce
357 3721 488 3805 probata
519 3723 728 3791 roboraretur.
788 3725 859 3792 Hac
895 3727 997 3812 igitur
1028 3726 1149 3791 ratione
1186 3731 1258 3791 tan-

253 3832 324 3897 dem
349 3836 483 3898 cassata¹
511 3832 665 3900 exactoris
692 3834 915 3916 sollicitudine,
936 3836 1011 3902 hinc
1036 3858 1105 3922 spes
1131 3837 1260 3904 effectus

253 3943 440 4009 excluditur.

687 4131 825 4183 ¹cessata.
