3280 5132
685 673 827 719 wxnumu
850 673 875 720 1.
1237 655 1276 718 57
1391 707 1393 712 Α

334 850 491 934 [Rouana
513 869 578 914 aaa
599 849 795 930 D1seaussa,
817 872 845 915 v.
869 850 1017 914 Gnoses
1039 869 1081 914 nu
1104 849 1223 934 Genu]

319 1011 369 1075 De
383 1009 565 1095 calumpnia
580 1033 675 1096 quam
700 1011 859 1075 Robertus
874 1009 1072 1094 dispensator
1087 1010 1165 1075 facit
1187 1033 1281 1095 super

275 1121 488 1187 Gislebertum
512 1121 550 1186 de
578 1121 667 1186 Gaut
692 1122 730 1186 de
755 1122 835 1186 silva
859 1145 927 1206 quae
952 1127 1000 1186 est
1020 1121 1054 1186 in
1081 1123 1279 1205 Langetone,

275 1232 354 1298 dicit
369 1233 570 1316 Waragehou
586 1240 747 1318 wapentac
764 1233 850 1318 quod
864 1234 975 1298 Tonna
986 1232 1123 1297 habebat
1138 1239 1279 1318 tempore

275 1343 359 1428 regis
374 1342 522 1407 Edwardi
537 1365 609 1408 cum
621 1366 692 1408 saca
707 1351 740 1409 et
755 1366 826 1409 soca
837 1345 872 1408 in
888 1343 1068 1428 Badeburg,
1083 1349 1116 1410 et
1130 1344 1198 1410 ideo
1208 1345 1281 1429 jure

276 1456 372 1520 habet
389 1453 584 1519 Gislebertus
599 1454 637 1520 de
649 1454 755 1535 Gand,
771 1460 931 1520 annuente
948 1459 1015 1520 toto
1030 1455 1169 1541 treding.

408 1885 565 1968 [Roseus
587 1905 651 1948 sna
668 1885 862 1964 Diseaussu,
884 1907 914 1948 v.
937 1886 1009 1949 Tun
1034 1886 1151 1970 Kms]

325 2045 373 2108 De
393 2045 474 2110 silva
493 2045 619 2110 minuta
638 2067 734 2131 quam
762 2046 879 2110 clamat
905 2046 1063 2111 Robertus
1084 2047 1281 2132 dispensator

279 2177 374 2239 super
387 2177 494 2238 regem
509 2155 543 2219 in
559 2155 730 2234 Gaintone,
746 2161 779 2221 et
794 2179 887 2240 super
909 2157 1045 2239 Eruegis
1060 2157 1099 2221 de
1120 2158 1230 2221 Burun
1247 2157 1281 2220 in

280 2264 463 2349 Waragebi,
478 2265 558 2329 nihil
574 2265 619 2329 ibi
641 2266 738 2330 habet
759 2266 979 2331 testimonium
1000 2275 1173 2351 wapentac.
1218 2269 1282 2332 Sed

279 2397 373 2460 super
387 2375 469 2440 XII.
485 2397 572 2441 aeras
586 2375 712 2440 comitis
729 2377 890 2460 Hugonis,
911 2383 944 2444 et
966 2399 1061 2462 super
1075 2378 1177 2442 VIII.
1193 2401 1281 2442 acras

278 2485 415 2570 episcopi
426 2487 616 2561 Baiocensis,
629 2486 725 2552 habet
740 2509 843 2552 socam
859 2510 914 2572 per
934 2488 1154 2554 testimonium
1177 2489 1279 2554 homi·

281 2621 359 2661 num
374 2604 536 2683 wapentac
551 2604 584 2666 et
599 2599 736 2683 treding.

349 3113 350 3119 ἵ
424 3037 651 3120 [Aaonmsuoe
674 3035 811 3098 Tnouus
835 3056 861 3100 e.
887 3035 946 3098 Ivo
969 3032 1148 3119 Tmou]

326 3197 374 3262 De
398 3197 577 3282 calumpnia
600 3218 695 3281 quam
710 3195 960 3280 archiepiscopus
976 3196 1113 3261 Thomas
1137 3196 1282 3278 faciebat,

239 3343 241 3347 v
282 3310 340 3373 hoo
355 3307 502 3392 estquod
516 3306 649 3371 debebat
664 3305 777 3370 habere
792 3327 894 3369 socam
908 3327 1001 3390 super
1017 3311 1133 3371 terram
1144 3307 1281 3374 Siuuard

283 3417 486 3484 antecessoris
502 3417 610 3482 lvonis
630 3416 801 3494 Talleboso,
822 3415 900 3479 dicit
913 3424 1075 3501 wapentac
1097 3423 1129 3482 et
1151 3419 1281 3503 treding

284 3529 364 3614 quod
383 3525 518 3591 Siuuard
542 3533 608 3590 tam
623 3525 702 3592 bene
717 3525 822 3590 tenuit
837 3530 953 3589 terram
970 3549 1058 3589 suam
1076 3548 1148 3590 eum
1165 3551 1236 3592 saca
1250 3535 1284 3594 et

283 3663 363 3718 soca,
379 3639 460 3703 sicut
474 3637 638 3701 Goduinus
653 3642 828 3701 antecessor
842 3634 1075 3720 archiepiscopi,
1090 3641 1123 3700 et
1140 3636 1209 3702 ideo
1219 3661 1282 3702 non

283 3757 366 3818 recte
381 3749 505 3813 clamat.

430 4198 657 4283 [Aacsmsuoe
680 4197 815 4262 Tsouus
840 4217 865 4258 v.
890 4193 1136 4277 B1su0u0n0.]

328 4359 590 4446 Archiepiseopus
619 4359 756 4424 Thomas
792 4356 886 4421 debet
916 4355 1027 4420 habere
1058 4377 1160 4420 socam
1193 4375 1285 4438 super
