3286 5150
418 653 480 715 226
662 669 795 714 amcam
816 666 1165 715 naono-nonusnullum

419 847 488 912 quae
506 822 535 889 ei
558 823 656 888 faeere
679 819 799 885 debetis
824 820 863 885 de
888 819 986 885 feodis
1009 819 1133 898 vestris,
1156 824 1190 885 et
1215 841 1283 905 qnae
1304 820 1426 905 praede·

418 933 590 1000 oessoribus
604 929 668 997 suis
677 932 776 996 faeere
787 929 953 1010 solebatis3
976 936 1008 995 et
1020 929 1082 994 nisi
1096 929 1244 1010 feceritis,
1254 931 1427 997 vicecomes

419 1047 458 1111 de
477 1045 566 1110 Kent
579 1041 677 1108 faeiat
691 1041 776 1121 fieri3
787 1032 791 1040 ’
802 1063 842 1106 ne
861 1040 934 1106 inde
949 1040 1085 1126 amplius
1106 1042 1275 1106 clamorem
1297 1042 1425 1108 audiam

419 1178 477 1242 pro
498 1154 622 1220 defectu
644 1152 731 1218 renti.
775 1153 867 1218 'Peste
889 1153 1059 1237 Ranulpho
1082 1152 1120 1217 de
1137 1153 1312 1233 Glanvilla,
1339 1153 1424 1238 apud

421 1265 633 1331 Wintoniam.

455 1376 523 1442 [me
533 1379 700 1439 mamm
711 1375 1038 1440 oonoemingjurimiotion
1049 1389 1104 1424 m
1114 1375 1236 1426 maweu
1252 1351 1342 1425 rn'ue
1359 1377 1425 1424 nm

421 1457 505 1520 reign,
515 1470 545 1504 aa
556 1454 602 1504 tho
618 1453 758 1516 following,
770 1451 839 1502 lrom
850 1453 895 1503 the
906 1467 976 1503 sams
988 1453 1119 1504 ohmniole
1130 1453 1159 1503 ol
1175 1453 1277 1503 'Ilion-m
1295 1453 1322 1517 (2
1334 1453 1425 1517 'llwys-

421 1533 481 1595 den,
492 1548 519 1596 p.
530 1533 615 1592 1842),
627 1530 712 1580 shows
721 1529 775 1595 :-]

466 1624 561 1686 Anno
576 1618 708 1686 Domini
723 1619 953 1684 MCXOVIII.
969 1641 1052 1683 anno
1067 1617 1187 1685 scilicet
1200 1617 1284 1703 regis
1296 1619 1424 1684 Riosrdi

423 1733 554 1812 decimo,
591 1753 696 1797 eoram
736 1731 881 1796 Huberto
924 1731 1144 1796 cantuariensi
1184 1731 1424 1816 archiepiscopo,

425 1843 559 1910 Rieardo
589 1842 731 1929 episeopo
755 1842 979 1921 bondoniensi,
1011 1841 1155 1907 Gallrido
1185 1843 1249 1908 filio
1275 1841 1362 1908 Petri
1390 1848 1425 1908 et

425 1955 515 2021 sociis
529 1977 636 2020 eorum
651 1960 730 2020 tuno
744 1954 893 2038 temporis
903 1953 1087 2038 justiciatiis
1102 1953 1223 2019 domini
1237 1955 1322 2039 regis
1340 1953 1423 2039 apud

425 2065 753 2146 westmonasterium,
767 2065 871 2151 questi
885 2072 961 2131 sunt
975 2066 1119 2131 homines
1130 2065 1168 2130 de
1178 2067 1332 2147 Thaueto,
1341 2067 1424 2152 quod

425 2177 522 2243 abbas
547 2177 586 2242 de
610 2179 725 2260 Sancto
745 2177 929 2262 Augustino
953 2176 1130 2241 Cantuariae
1149 2176 1298 2260 exigebat
1317 2177 1357 2241 ab
1379 2177 1425 2242 eis

426 2288 557 2356 servicia
577 2295 611 2354 et
633 2288 874 2354 conaretudines
898 2311 967 2374 quae
993 2287 1092 2353 faeere
1114 2309 1179 2353 uon
1200 2287 1368 2367 deberent3
1391 2295 1425 2353 et

426 2399 562 2465 maxime
577 2399 660 2485 quod
673 2397 810 2464 faciebat
825 2421 877 2464 eos
898 2399 985 2485 sequi
1007 2399 1126 2463 curiam
1147 2421 1237 2463 suam
1252 2399 1291 2463 de
1307 2399 1424 2463 Sancto

426 2509 611 2595 Augustino
625 2515 659 2574 et
677 2508 723 2573 ibi
744 2508 893 2594 placitare
908 2514 941 2574 et
963 2517 1048 2574 recto
1063 2517 1154 2589 stare,
1170 2509 1253 2596 quod
1268 2509 1328 2594 ipsi
1342 2510 1425 2574 dioe-

427 2621 505 2687 bant
535 2643 567 2686 se
603 2642 667 2685 non
696 2619 808 2686 debere
840 2620 939 2685 faeere
975 2619 1031 2702 ibi,
1061 2627 1110 2685 set
1135 2621 1170 2685 in
1193 2621 1316 2686 Thauet
1340 2621 1425 2704 apud

427 2733 581 2798 Menstre.
638 2727 805 2796 Venerunt
835 2753 910 2815 ergo
942 2737 975 2796 et
1008 2737 1180 2816 posuerunt
1215 2730 1283 2796 loeo
1306 2754 1362 2796 suo
1385 2731 1426 2795 ad

426 2841 611 2907 lucrandum
625 2839 675 2906 vel
690 2841 883 2926 perdendum
898 2843 1006 2907 XXX.
1022 2841 1164 2907 homines
1179 2841 1214 2906 in
1224 2843 1293 2926 ipsa
1302 2841 1427 2927 querela

428 2954 526 3019 socios
545 2975 652 3017 versus
677 2951 782 3036 ipsum
811 2951 969 3020 abbatem.
1029 2953 1090 3019 Die
1115 2959 1221 3018 autem
1250 2953 1425 3018 constituto

429 3064 553 3148 utrique
567 3062 660 3148 parti,
676 3063 760 3127 iutra
781 3065 899 3149 pascha
917 3071 1071 3130 venemnt
1086 3064 1145 3150 ipsi
1160 3065 1268 3130 XXX.
1284 3087 1340 3149 pro
1354 3065 1426 3130 aliis

428 3173 608 3240 homiuibus
631 3174 670 3239 de
695 3175 818 3239 Thanet
837 3176 893 3260 qui
916 3177 956 3241 ad
978 3174 1124 3242 abbatem
1138 3199 1203 3241 non
1224 3176 1375 3243 tenebant
1392 3183 1427 3242 et

429 3291 628 3354 retraxerunt
642 3307 684 3364 se,
699 3291 733 3351 et
750 3286 883 3370 judicati
902 3295 977 3353 sunt
998 3288 1032 3353 in
1055 3288 1265 3354 miserioordia
1278 3311 1334 3373 pro
1349 3287 1427 3353 falso

429 3399 574 3476 elamore,
588 3401 621 3461 et
637 3396 764 3461 Samuel
781 3404 814 3462 et
830 3397 974 3463 Norman
991 3404 1153 3465 remanent
1167 3399 1201 3463 iu
1215 3397 1341 3484 prisona
1355 3398 1429 3484 quia

429 3489 601 3577 tenuerunt
613 3530 646 3573 se
660 3529 734 3572 oum
750 3509 845 3573 armis
859 3509 893 3574 in
908 3509 1046 3576 ecelesia.

516 3924 643 4007 [Annon
665 3923 835 3987 Mumanw
851 3945 879 3988 v.
897 3925 1010 3989 Aaron
1033 3927 1181 3990 Rarum.
1229 3925 1353 4009 1176]ι

433 4047 595 4116 [Snbjootlon
606 4048 636 4097 ol
643 4049 689 4097 tha
699 4049 798 4112 abboya
809 4053 838 4098 at
854 4048 883 4097 Β.
895 4048 947 4097 and
958 4049 989 4098 D.
1001 4051 1030 4098 to
1041 4050 1086 4099 the
1097 4048 1239 4100 defendant
1257 4048 1386 4113 adjndgad
1404 4051 1432 4100 in

496 4127 542 4174 tho
553 4125 662 4188 chapter
672 4125 702 4174 ol
716 4125 838 4189 Savlgny,
849 4125 937 4176 bosora
947 4127 1050 4184 abbota‚
1061 4127 1138 4190 prior,
1150 4127 1203 4176 and
1213 4125 1365 4191 eruption]

434 4226 563 4290 Funera
579 4227 794 4291 Gammausa
811 4226 961 4311 Savignei
976 4227 1079 4292 dietus
1098 4227 1205 4307 abbas,
1219 4226 1364 4292 omnibus
1378 4227 1435 4293 ab·

646 4360 654 4392 ¹
672 4362 862 4413 aeclesiastica!
876 4364 939 4413 Doo.
952 4365 983 4413 52
998 4363 1124 4428 (Oeniden
1138 4363 1218 4428 Son).
