3286 5142
716 655 870 700 srnrnsu.
1232 635 1293 698 153

292 805 425 871 vicarios
439 805 473 870 in
484 805 527 871 eis
539 806 726 886 instituisse,
735 807 819 891 ipsos
828 808 924 872 etium
940 808 979 872 ab
994 807 1058 871 hiis
1073 806 1113 871 nd
1127 805 1295 871 arbitrium

294 939 388 980 suum
403 918 568 1001 pensiones
589 940 709 982 annuos
725 919 907 1004 suscepisse,
921 942 995 985 cum
1017 917 1178 984 occasione
1197 916 1295 982 cladis

294 1027 412 1093 bellicae
427 1029 601 1094 commissu
615 1030 697 1094 mihi
712 1030 847 1094 ecclesius
862 1031 1013 1115 possessio
1028 1030 1062 1093 in
1078 1028 1216 1094 ecclesiis
1227 1027 1296 1115 jam

294 1140 388 1204 dictis
409 1142 538 1206 turbate
558 1141 670 1206 luisset
691 1164 747 1226 per
762 1141 944 1207 Gilbertum
965 1140 1112 1206 comitem
1135 1137 1296 1224 jamdicti

297 1250 435 1316 Gilberti
449 1252 642 1317 avunculum
659 1252 713 1337 qui
723 1258 802 1318 tunc
811 1254 880 1338 ejus
889 1257 1023 1337 praeerat
1031 1249 1222 1336 patrimonio
1236 1249 1296 1327 illi,

295 1361 427 1427 tutelem
440 1363 603 1444 exhibens,
614 1363 670 1449 qui
685 1364 828 1429 ecclesias
837 1365 905 1448 jam
920 1365 1022 1429 dictas
1037 1362 1226 1428 auctoritate
1241 1383 1297 1426 sua

295 1472 329 1536 in
354 1473 513 1559 quendam
538 1473 789 1539 Londoniensem
815 1473 963 1540 clericum
987 1475 1155 1560 chanum
1169 1471 1297 1536 nomine

294 1584 474 1650 contulerat
496 1584 537 1649 ud
559 1584 724 1649 dominum
754 1584 1018 1664 Irincolniensem,
1050 1583 1200 1649 adversus
1229 1583 1295 1667 jam

295 1695 418 1760 dictum
447 1696 597 1760 comitem
625 1702 659 1760 et
688 1701 899 1760 memoratum
936 1697 1102 1780 Pagarum
1138 1695 1297 1781 querelam

296 1805 407 1884 detuli,
426 1805 600 1869 commissae
623 1804 702 1868 mihi
725 1803 859 1869 ecclesiae
882 1805 1042 1889 justitiam
1060 1805 1223 1890 postulans
1243 1827 1296 1869 ex-

296 1915 408 1982 hiberi.
432 1915 531 1998 Cujus
542 1916 738 1993 auctoritate,
749 1915 832 1999 apud
842 1915 1063 1993 Eilesburiam,
1076 1939 1131 2000 per
1139 1916 1296 1981 Davidem

297 2026 549 2090 archidiaconum
565 2026 603 2090 de
618 2026 826 2110 Bukingham
839 2026 960 2111 synodo
971 2026 1097 2112 publice
1117 2032 1296 2104 convocata,

297 2142 419 2202 statuto
435 2137 514 2200 mihi
535 2136 584 2201 die
600 2137 774 2201 instructus
789 2137 876 2211 affui,
891 2159 960 2221 quae
975 2161 1069 2222 supra
1088 2144 1164 2202 sunt
1178 2159 1296 2201 memo·

297 2253 367 2311 rata
388 2247 545 2330 proposui,
559 2236 649 2311 bonae
674 2247 831 2312 memoriae
855 2247 1021 2326 Bemardi,
1043 2247 1163 2312 dudum
1185 2249 1297 2312 Mene·

296 2360 403 2424 vensis
428 2359 576 2444 episcopi,
592 2360 826 2444 multarumque
841 2360 939 2444 ipsius
957 2359 1070 2445 synodi
1094 2383 1297 2443 personarum

298 2469 441 2534 munitus
457 2470 650 2549 testimonio,
660 2476 848 2535 memoratus
864 2469 1007 2535 ecclesias
1022 2470 1165 2556 synodali
1175 2470 1298 2555 judicio

298 2581 466 2668 reportavi.
511 2581 552 2645 In
568 2604 732 2667 quoscum
750 2581 1001 2646 Gloucestrensis
1020 2582 1155 2647 ecclesiae
1170 2581 1297 2646 nomine

298 2715 396 2778 agens
410 2692 577 2777 episcopali
593 2693 781 2758 auctoritate
799 2693 946 2759 inductus
957 2693 1080 2771 fuerim,
1093 2685 1162 2779 ips'c
1175 2693 1298 2759 easdem

298 2803 332 2867 in
355 2826 393 2868 eo
417 2803 613 2888 recuperavit
635 2803 781 2888 obsequio
804 2809 837 2868 et
856 2804 1022 2890 episcopali
1044 2803 1231 2869 auctoritate
1244 2825 1301 2888 per

299 2938 349 2981 me
366 2921 399 2980 et
422 2937 626 2978 successorem
645 2936 751 2978 meum
775 2937 874 2999 usque
891 2914 926 2978 in
943 2937 1079 3000 praesens
1099 2921 1225 3000 tempus
1244 2913 1298 2979 ob·

296 3027 407 3091 tinuit.
453 3025 514 3091 cui
534 3026 567 3088 in
584 3026 651 3109 jam
671 3025 765 3090 dictis
780 3025 917 3090 ecclesiis
934 3048 1006 3090 cum
1022 3031 1127 3090 totum
1139 3025 1313 3106 collatum,

297 3146 331 3204 et
346 3138 426 3223 quod
442 3143 582 3222 potestus
596 3136 677 3200 laica
697 3143 730 3201 et
751 3138 835 3221 quod
856 3136 1039 3222 episcopalis
1065 3137 1207 3221 dignitas
1225 3159 1299 3202 con·

246 3243 250 3252 ’
298 3250 377 3314 ferre
387 3254 501 3334 potest,
516 3249 640 3333 justum
650 3247 749 3312 videri
763 3253 869 3332 potest
887 3248 1030 3313 ecclesias
1045 3249 1111 3332 jam
1128 3249 1228 3312 dictas
1240 3249 1301 3312 sibi

298 3361 332 3424 in
356 3382 431 3444 pace
451 3358 584 3439 dimitti,
605 3364 638 3422 et
663 3359 887 3440 possessionem
919 3359 993 3444 ejus.
1011 3359 1145 3442 querelis
1173 3359 1302 3443 juvenis

298 3470 393 3554 longe
409 3475 480 3554 post
496 3469 564 3533 nuti
580 3491 644 3532 non
659 3467 770 3532 debere
785 3467 929 3532 convelli.
966 3468 1118 3532 Valeutis.

334 3655 402 3720 [The
413 3654 545 3717 following
556 3669 600 3704 srs
611 3655 656 3702 the
668 3653 778 3716 original
795 3656 873 3716 grsnt
893 3653 945 3701 und
963 3653 1143 3703 confirmation
1160 3655 1243 3704 above
1262 3671 1301 3704 re.

300 3733 384 3782 lefled
397 3737 423 3780 to
432 3729 500 3795 r-—]¹

345 3857 455 3920 Sciunt
469 3858 637 3940 praescntes
648 3859 681 3916 ct
692 3851 803 3930 futuri,
815 3851 898 3934 quod
913 3873 972 3936 ego
989 3851 1149 3916 Bobertus
1162 3853 1300 3928 (lernou,

300 3991 356 4055 pro
372 3967 471 4032 salute
487 3966 599 4030 animae
614 3987 690 4028 meae
705 3969 738 4028 et
753 3962 895 4027 omnium
908 3969 1139 4026 antecessorum
1152 3987 1303 4044 meorum,

300 4081 372 4145 dedi
386 4087 419 4144 et
433 4076 569 4143 concessi
586 4076 664 4157 Deo,
679 4081 713 4138 et
729 4074 845 4138 Sancto
861 4075 965 4154 Petro,
981 4079 1013 4138 et
1029 4075 1191 4138 monacbis
1204 4076 1303 4140 Glou-

300 4191 429 4269 cestriae,
442 4187 603 4254 ecclesiam
619 4187 657 4251 de
672 4184 893 4268 Wirecesbur·y
909 4183 994 4248 etde
1010 4183 1255 4266 Laverhestolre,
1271 4193 1303 4251 et

496 4393 504 4424 ¹
523 4397 538 4443 2
551 4394 642 4443 Chrou.
656 4391 724 4440 blon.
737 4389 825 4438 Glouc.
839 4389 887 4438 164
901 4387 972 4452 (Res
985 4388 1075 4452 Com).
