<?xml version="1.0" encoding="UTF-8"?>
<!DOCTYPE html PUBLIC "-//W3C//DTD XHTML 1.0 Transitional//EN"
    "http://www.w3.org/TR/xhtml1/DTD/xhtml1-transitional.dtd">
<html xmlns="http://www.w3.org/1999/xhtml" xml:lang="en" lang="en">
 <head>
  <title>
</title>
<meta http-equiv="Content-Type" content="text/html;charset=utf-8" />
  <meta name='ocr-system' content='tesseract 3.04.00' />
  <meta name='ocr-capabilities' content='ocr_page ocr_carea ocr_par ocr_line ocrx_word'/>
</head>
<body>
  <div class='ocr_page' id='page_1' title='image "./placitaanglonor01bigegoog_0184.png"; bbox 0 0 3286 5142; ppageno 0'>
   <div class='ocr_carea' id='block_1_1' title="bbox 738 645 1320 709">
    <p class='ocr_par' dir='ltr' id='par_1_1' title="bbox 738 645 1320 709">
     <span class='ocr_line' id='line_1_1' title="bbox 738 645 1320 709; baseline 0.002 -1"><span class='ocrx_word' id='word_1_1' title='bbox 738 663 847 708; x_wconf 74' lang='lat' dir='ltr'><strong>narni</strong></span> <span class='ocrx_word' id='word_1_2' title='bbox 872 664 894 708; x_wconf 92' lang='lat'><strong>1.</strong></span> <span class='ocrx_word' id='word_1_3' title='bbox 1261 645 1320 709; x_wconf 84' lang='grc'><strong>117</strong></span> 
     </span>
    </p>
   </div>
   <div class='ocr_carea' id='block_1_2' title="bbox 321 813 1323 1010">
    <p class='ocr_par' dir='ltr' id='par_1_2' title="bbox 321 813 1323 1010">
     <span class='ocr_line' id='line_1_2' title="bbox 321 813 1322 894; baseline -0.002 -14"><span class='ocrx_word' id='word_1_4' title='bbox 321 815 501 881; x_wconf 77' lang='lat' dir='ltr'><strong>Alexander</strong></span> <span class='ocrx_word' id='word_1_5' title='bbox 524 816 563 880; x_wconf 88' lang='lat' dir='ltr'><strong>de</strong></span> <span class='ocrx_word' id='word_1_6' title='bbox 586 815 721 894; x_wconf 91' lang='lat' dir='ltr'><strong>Alnoth,</strong></span> <span class='ocrx_word' id='word_1_7' title='bbox 744 815 917 880; x_wconf 83' lang='lat' dir='ltr'><strong>Reinaldus</strong></span> <span class='ocrx_word' id='word_1_8' title='bbox 942 815 980 880; x_wconf 86' lang='lat' dir='ltr'><strong>de</strong></span> <span class='ocrx_word' id='word_1_9' title='bbox 995 814 1234 891; x_wconf 87' lang='lat' dir='ltr'><strong>Dnnstanvilla,</strong></span> <span class='ocrx_word' id='word_1_10' title='bbox 1251 813 1322 878; x_wconf 90' lang='lat' dir='ltr'><strong>Gif·</strong></span> 
     </span>
     <span class='ocr_line' id='line_1_3' title="bbox 321 923 1323 1010; baseline 0.004 -22"><span class='ocrx_word' id='word_1_11' title='bbox 321 925 428 990; x_wconf 84' lang='lat' dir='ltr'><strong>sardus</strong></span> <span class='ocrx_word' id='word_1_12' title='bbox 464 926 502 992; x_wconf 91' lang='lat' dir='ltr'><strong>de</strong></span> <span class='ocrx_word' id='word_1_13' title='bbox 541 925 693 1007; x_wconf 83' lang='lat' dir='ltr'><strong>Salforda‚</strong></span> <span class='ocrx_word' id='word_1_14' title='bbox 731 926 842 991; x_wconf 84' lang='lat' dir='ltr'><strong>Helias</strong></span> <span class='ocrx_word' id='word_1_15' title='bbox 878 926 917 990; x_wconf 89' lang='lat' dir='ltr'><strong>de</strong></span> <span class='ocrx_word' id='word_1_16' title='bbox 954 925 1099 1010; x_wconf 69' lang='lat' dir='ltr'><strong>Deingt„</strong></span> <span class='ocrx_word' id='word_1_17' title='bbox 1118 925 1255 990; x_wconf 83' lang='lat' dir='ltr'><strong>Thomas</strong></span> <span class='ocrx_word' id='word_1_18' title='bbox 1284 923 1323 992; x_wconf 85' lang='lat' dir='ltr'><strong>de</strong></span> 
     </span>
    </p>
   </div>
   <div class='ocr_carea' id='block_1_3' title="bbox 320 1036 1324 1232">
    <p class='ocr_par' dir='ltr' id='par_1_3' title="bbox 320 1036 1324 1232">
     <span class='ocr_line' id='line_1_4' title="bbox 321 1036 1324 1122; baseline 0.001 -22"><span class='ocrx_word' id='word_1_19' title='bbox 321 1037 474 1114; x_wconf 88' lang='lat' dir='ltr'><strong>Baouuil.‚</strong></span> <span class='ocrx_word' id='word_1_20' title='bbox 501 1037 691 1116; x_wconf 73' lang='lat' dir='ltr'><strong>Radbertus,</strong></span> <span class='ocrx_word' id='word_1_21' title='bbox 716 1039 862 1122; x_wconf 87' lang='lat' dir='ltr'><strong>Rogerus</strong></span> <span class='ocrx_word' id='word_1_22' title='bbox 892 1038 930 1102; x_wconf 90' lang='lat' dir='ltr'><strong>de</strong></span> <span class='ocrx_word' id='word_1_23' title='bbox 954 1037 1003 1102; x_wconf 85' lang='lat' dir='ltr'><strong>La</strong></span> <span class='ocrx_word' id='word_1_24' title='bbox 1029 1059 1125 1118; x_wconf 88' lang='lat' dir='ltr'><strong>mare,</strong></span> <span class='ocrx_word' id='word_1_25' title='bbox 1141 1036 1324 1102; x_wconf 82' lang='lat' dir='ltr'><strong>Willelmus</strong></span> 
     </span>
     <span class='ocr_line' id='line_1_5' title="bbox 320 1145 758 1232; baseline 0.007 -21"><span class='ocrx_word' id='word_1_26' title='bbox 320 1145 452 1232; x_wconf 78' lang='lat' dir='ltr'><strong>dapifer,</strong></span> <span class='ocrx_word' id='word_1_27' title='bbox 468 1147 550 1214; x_wconf 85' lang='lat' dir='ltr'><strong>item</strong></span> <span class='ocrx_word' id='word_1_28' title='bbox 564 1147 758 1215; x_wconf 85' lang='lat' dir='ltr'><strong>Willelmue.</strong></span> 
     </span>
    </p>
   </div>
   <div class='ocr_carea' id='block_1_4' title="bbox 576 1298 1069 1366">
    <p class='ocr_par' dir='ltr' id='par_1_4' title="bbox 576 1298 1069 1366">
     <span class='ocr_line' id='line_1_6' title="bbox 576 1298 1069 1366; baseline 0.004 -18"><span class='ocrx_word' id='word_1_29' title='bbox 576 1298 644 1365; x_wconf 75' lang='lat' dir='ltr'><strong>[The</strong></span> <span class='ocrx_word' id='word_1_30' title='bbox 654 1299 741 1364; x_wconf 67' lang='lat' dir='ltr'><strong>Hugh</strong></span> <span class='ocrx_word' id='word_1_31' title='bbox 752 1300 813 1351; x_wconf 77' lang='lat' dir='ltr'><strong>urit</strong></span> <span class='ocrx_word' id='word_1_32' title='bbox 823 1299 854 1349; x_wconf 68' lang='grc' dir='ltr'><strong>οἳ</strong></span> <span class='ocrx_word' id='word_1_33' title='bbox 867 1299 1069 1366; x_wconf 73' lang='lat' dir='ltr'><strong>confirmation]</strong></span> 
     </span>
    </p>
   </div>
   <div class='ocr_carea' id='block_1_5' title="bbox 319 1415 1325 2278">
    <p class='ocr_par' dir='ltr' id='par_1_5' title="bbox 319 1415 1325 2278">
     <span class='ocr_line' id='line_1_7' title="bbox 366 1415 1323 1503; baseline 0.004 -22"><span class='ocrx_word' id='word_1_34' title='bbox 366 1415 524 1482; x_wconf 85' lang='lat' dir='ltr'><strong>Henrious</strong></span> <span class='ocrx_word' id='word_1_35' title='bbox 547 1441 601 1483; x_wconf 88' lang='lat' dir='ltr'><strong>rex</strong></span> <span class='ocrx_word' id='word_1_36' title='bbox 626 1419 819 1503; x_wconf 84' lang='lat' dir='ltr'><strong>Anglorum,</strong></span> <span class='ocrx_word' id='word_1_37' title='bbox 834 1419 979 1503; x_wconf 85' lang='lat' dir='ltr'><strong>episeopo</strong></span> <span class='ocrx_word' id='word_1_38' title='bbox 1002 1419 1040 1485; x_wconf 91' lang='lat' dir='ltr'><strong>de</strong></span> <span class='ocrx_word' id='word_1_39' title='bbox 1057 1420 1163 1485; x_wconf 87' lang='lat' dir='ltr'><strong>Batha</strong></span> <span class='ocrx_word' id='word_1_40' title='bbox 1177 1419 1323 1485; x_wconf 77' lang='lat' dir='ltr'><strong>salutem.</strong></span> 
     </span>
     <span class='ocr_line' id='line_1_8' title="bbox 321 1527 1325 1616; baseline 0.004 -24"><span class='ocrx_word' id='word_1_41' title='bbox 321 1527 472 1613; x_wconf 81' lang='lat' dir='ltr'><strong>Praeoipio</strong></span> <span class='ocrx_word' id='word_1_42' title='bbox 487 1529 569 1614; x_wconf 89' lang='lat' dir='ltr'><strong>quod</strong></span> <span class='ocrx_word' id='word_1_43' title='bbox 585 1529 733 1593; x_wconf 86' lang='lat' dir='ltr'><strong>monaehi</strong></span> <span class='ocrx_word' id='word_1_44' title='bbox 747 1529 786 1594; x_wconf 90' lang='lat' dir='ltr'><strong>de</strong></span> <span class='ocrx_word' id='word_1_45' title='bbox 802 1529 907 1593; x_wconf 89' lang='lat' dir='ltr'><strong>Batha</strong></span> <span class='ocrx_word' id='word_1_46' title='bbox 921 1529 968 1594; x_wconf 84' lang='lat' dir='ltr'><strong>ita</strong></span> <span class='ocrx_word' id='word_1_47' title='bbox 983 1530 1062 1596; x_wconf 90' lang='lat' dir='ltr'><strong>bene</strong></span> <span class='ocrx_word' id='word_1_48' title='bbox 1084 1535 1117 1597; x_wconf 87' lang='lat' dir='ltr'><strong>et</strong></span> <span class='ocrx_word' id='word_1_49' title='bbox 1138 1531 1172 1596; x_wconf 94' lang='lat' dir='ltr'><strong>in</strong></span> <span class='ocrx_word' id='word_1_50' title='bbox 1194 1553 1269 1616; x_wconf 87' lang='lat' dir='ltr'><strong>paoe</strong></span> <span class='ocrx_word' id='word_1_51' title='bbox 1291 1535 1325 1596; x_wconf 87' lang='lat' dir='ltr'><strong>et</strong></span> 
     </span>
     <span class='ocr_line' id='line_1_9' title="bbox 319 1641 1322 1728; baseline 0.001 -23"><span class='ocrx_word' id='word_1_52' title='bbox 319 1641 404 1725; x_wconf 81' lang='lat' dir='ltr'><strong>juste</strong></span> <span class='ocrx_word' id='word_1_53' title='bbox 419 1647 452 1706; x_wconf 90' lang='lat' dir='ltr'><strong>et</strong></span> <span class='ocrx_word' id='word_1_54' title='bbox 466 1642 636 1706; x_wconf 80' lang='lat' dir='ltr'><strong>honorifice</strong></span> <span class='ocrx_word' id='word_1_55' title='bbox 651 1646 782 1707; x_wconf 87' lang='lat' dir='ltr'><strong>teneant</strong></span> <span class='ocrx_word' id='word_1_56' title='bbox 796 1647 913 1707; x_wconf 88' lang='lat' dir='ltr'><strong>terram</strong></span> <span class='ocrx_word' id='word_1_57' title='bbox 936 1665 1026 1707; x_wconf 88' lang='lat' dir='ltr'><strong>snam</strong></span> <span class='ocrx_word' id='word_1_58' title='bbox 1050 1642 1089 1708; x_wconf 91' lang='lat' dir='ltr'><strong>de</strong></span> <span class='ocrx_word' id='word_1_59' title='bbox 1106 1644 1212 1722; x_wconf 84' lang='lat' dir='ltr'><strong>Stooa,</strong></span> <span class='ocrx_word' id='word_1_60' title='bbox 1227 1665 1322 1728; x_wconf 87' lang='lat' dir='ltr'><strong>quam</strong></span> 
     </span>
     <span class='ocr_line' id='line_1_10' title="bbox 321 1751 1323 1830; baseline 0.002 -14"><span class='ocrx_word' id='word_1_61' title='bbox 321 1752 443 1816; x_wconf 84' lang='lat' dir='ltr'><strong>Grenta</strong></span> <span class='ocrx_word' id='word_1_62' title='bbox 467 1752 581 1830; x_wconf 87' lang='lat' dir='ltr'><strong>tenuit,</strong></span> <span class='ocrx_word' id='word_1_63' title='bbox 598 1751 680 1817; x_wconf 89' lang='lat' dir='ltr'><strong>siout</strong></span> <span class='ocrx_word' id='word_1_64' title='bbox 710 1751 999 1817; x_wconf 85' lang='lat' dir='ltr'><strong>dirrationaverunt</strong></span> <span class='ocrx_word' id='word_1_65' title='bbox 1014 1775 1083 1818; x_wconf 89' lang='lat' dir='ltr'><strong>eam</strong></span> <span class='ocrx_word' id='word_1_66' title='bbox 1104 1759 1213 1818; x_wconf 86' lang='lat' dir='ltr'><strong>eontra</strong></span> <span class='ocrx_word' id='word_1_67' title='bbox 1228 1753 1323 1819; x_wconf 92' lang='lat' dir='ltr'><strong>Mod-</strong></span> 
     </span>
     <span class='ocr_line' id='line_1_11' title="bbox 321 1860 1323 1948; baseline 0.001 -23"><span class='ocrx_word' id='word_1_68' title='bbox 321 1860 447 1926; x_wconf 88' lang='lat' dir='ltr'><strong>bertum</strong></span> <span class='ocrx_word' id='word_1_69' title='bbox 470 1885 525 1946; x_wconf 87' lang='lat' dir='ltr'><strong>per</strong></span> <span class='ocrx_word' id='word_1_70' title='bbox 550 1862 706 1947; x_wconf 84' lang='lat' dir='ltr'><strong>judicium</strong></span> <span class='ocrx_word' id='word_1_71' title='bbox 732 1863 825 1926; x_wconf 84' lang='lat' dir='ltr'><strong>euriae</strong></span> <span class='ocrx_word' id='word_1_72' title='bbox 852 1868 926 1942; x_wconf 82' lang='lat' dir='ltr'><strong>tnae,</strong></span> <span class='ocrx_word' id='word_1_73' title='bbox 941 1885 981 1928; x_wconf 89' lang='lat' dir='ltr'><strong>ne</strong></span> <span class='ocrx_word' id='word_1_74' title='bbox 1005 1885 1098 1948; x_wconf 87' lang='lat' dir='ltr'><strong>super</strong></span> <span class='ocrx_word' id='word_1_75' title='bbox 1112 1863 1171 1928; x_wconf 90' lang='lat' dir='ltr'><strong>hoo</strong></span> <span class='ocrx_word' id='word_1_76' title='bbox 1186 1863 1323 1948; x_wconf 83' lang='lat' dir='ltr'><strong>amplius</strong></span> 
     </span>
     <span class='ocr_line' id='line_1_12' title="bbox 321 1970 1323 2052; baseline 0.005 -18"><span class='ocrx_word' id='word_1_77' title='bbox 321 1970 393 2036; x_wconf 88' lang='lat' dir='ltr'><strong>inde</strong></span> <span class='ocrx_word' id='word_1_78' title='bbox 419 1971 588 2036; x_wconf 81' lang='lat' dir='ltr'><strong>clamorem</strong></span> <span class='ocrx_word' id='word_1_79' title='bbox 602 1971 740 2038; x_wconf 81' lang='lat' dir='ltr'><strong>audiam.</strong></span> <span class='ocrx_word' id='word_1_80' title='bbox 785 1971 831 2036; x_wconf 84' lang='lat' dir='ltr'><strong>Et</strong></span> <span class='ocrx_word' id='word_1_81' title='bbox 854 1972 917 2036; x_wconf 89' lang='lat' dir='ltr'><strong>nisi</strong></span> <span class='ocrx_word' id='word_1_82' title='bbox 932 1971 1055 2052; x_wconf 82' lang='lat' dir='ltr'><strong>feceris,</strong></span> <span class='ocrx_word' id='word_1_83' title='bbox 1070 1971 1225 2037; x_wconf 87' lang='lat' dir='ltr'><strong>Warinns</strong></span> <span class='ocrx_word' id='word_1_84' title='bbox 1239 1973 1323 2039; x_wconf 81' lang='lat' dir='ltr'><strong>vioe·</strong></span> 
     </span>
     <span class='ocr_line' id='line_1_13' title="bbox 320 2082 1323 2148; baseline 0.003 -3"><span class='ocrx_word' id='word_1_85' title='bbox 320 2103 424 2145; x_wconf 83' lang='lat' dir='ltr'><strong>eomes</strong></span> <span class='ocrx_word' id='word_1_86' title='bbox 458 2087 491 2146; x_wconf 92' lang='lat' dir='ltr'><strong>et</strong></span> <span class='ocrx_word' id='word_1_87' title='bbox 525 2082 697 2146; x_wconf 90' lang='lat' dir='ltr'><strong>Durandus</strong></span> <span class='ocrx_word' id='word_1_88' title='bbox 728 2083 767 2148; x_wconf 89' lang='lat' dir='ltr'><strong>de</strong></span> <span class='ocrx_word' id='word_1_89' title='bbox 801 2082 917 2148; x_wconf 93' lang='lat' dir='ltr'><strong>Moiun</strong></span> <span class='ocrx_word' id='word_1_90' title='bbox 947 2083 1066 2148; x_wconf 77' lang='lat' dir='ltr'><strong>faciant</strong></span> <span class='ocrx_word' id='word_1_91' title='bbox 1098 2082 1178 2148; x_wconf 87' lang='lat' dir='ltr'><strong>fieri.</strong></span> <span class='ocrx_word' id='word_1_92' title='bbox 1231 2083 1323 2148; x_wconf 78' lang='lat' dir='ltr'><strong>&#39;Peste</strong></span> 
     </span>
     <span class='ocr_line' id='line_1_14' title="bbox 321 2191 1156 2278; baseline 0 -20"><span class='ocrx_word' id='word_1_93' title='bbox 321 2191 465 2277; x_wconf 87' lang='lat' dir='ltr'><strong>episeopo</strong></span> <span class='ocrx_word' id='word_1_94' title='bbox 482 2192 709 2273; x_wconf 74' lang='lat' dir='ltr'><strong>salisberiensi,</strong></span> <span class='ocrx_word' id='word_1_95' title='bbox 725 2192 809 2278; x_wconf 88' lang='lat' dir='ltr'><strong>apud</strong></span> <span class='ocrx_word' id='word_1_96' title='bbox 823 2192 1156 2260; x_wconf 78' lang='lat' dir='ltr'><strong>westmonasterium.</strong></span> 
     </span>
    </p>
   </div>
   <div class='ocr_carea' id='block_1_6' title="bbox 448 2325 1191 2395">
    <p class='ocr_par' dir='ltr' id='par_1_6' title="bbox 448 2325 1191 2395">
     <span class='ocr_line' id='line_1_15' title="bbox 448 2325 1191 2395; baseline 0.004 -19"><span class='ocrx_word' id='word_1_97' title='bbox 448 2325 578 2392; x_wconf 77' lang='lat' dir='ltr'><strong>[Another</strong></span> <span class='ocrx_word' id='word_1_98' title='bbox 589 2329 649 2377; x_wconf 76' lang='lat' dir='ltr'><strong>urit</strong></span> <span class='ocrx_word' id='word_1_99' title='bbox 660 2332 689 2377; x_wconf 91' lang='lat' dir='ltr'><strong>to</strong></span> <span class='ocrx_word' id='word_1_100' title='bbox 700 2328 745 2378; x_wconf 86' lang='lat' dir='ltr'><strong>the</strong></span> <span class='ocrx_word' id='word_1_101' title='bbox 757 2343 828 2378; x_wconf 82' lang='lat' dir='ltr'><strong>sume</strong></span> <span class='ocrx_word' id='word_1_102' title='bbox 839 2329 916 2380; x_wconf 84' lang='lat' dir='ltr'><strong>effeot</strong></span> <span class='ocrx_word' id='word_1_103' title='bbox 927 2331 963 2394; x_wconf 83' lang='lat' dir='ltr'><strong>by</strong></span> <span class='ocrx_word' id='word_1_104' title='bbox 974 2327 1038 2395; x_wconf 82' lang='lat' dir='ltr'><strong>king</strong></span> <span class='ocrx_word' id='word_1_105' title='bbox 1050 2328 1191 2394; x_wconf 78' lang='lat' dir='ltr'><strong>Stephon]</strong></span> 
     </span>
    </p>
   </div>
   <div class='ocr_carea' id='block_1_7' title="bbox 320 2445 1324 2862">
    <p class='ocr_par' dir='ltr' id='par_1_7' title="bbox 320 2445 1324 2862">
     <span class='ocr_line' id='line_1_16' title="bbox 366 2445 1323 2533; baseline 0.001 -22"><span class='ocrx_word' id='word_1_106' title='bbox 366 2445 545 2531; x_wconf 80' lang='lat' dir='ltr'><strong>Stephanus</strong></span> <span class='ocrx_word' id='word_1_107' title='bbox 561 2470 614 2511; x_wconf 84' lang='lat' dir='ltr'><strong>rex</strong></span> <span class='ocrx_word' id='word_1_108' title='bbox 624 2447 814 2530; x_wconf 82' lang='lat' dir='ltr'><strong>Anglorum,</strong></span> <span class='ocrx_word' id='word_1_109' title='bbox 828 2447 986 2513; x_wconf 87' lang='lat' dir='ltr'><strong>Rodberto</strong></span> <span class='ocrx_word' id='word_1_110' title='bbox 1000 2447 1143 2533; x_wconf 83' lang='lat' dir='ltr'><strong>episeopo</strong></span> <span class='ocrx_word' id='word_1_111' title='bbox 1158 2446 1323 2512; x_wconf 84' lang='lat' dir='ltr'><strong>Bathoniae</strong></span> 
     </span>
     <span class='ocr_line' id='line_1_17' title="bbox 320 2555 1324 2641; baseline 0.002 -19"><span class='ocrx_word' id='word_1_112' title='bbox 320 2557 465 2622; x_wconf 83' lang='lat' dir='ltr'><strong>salutem.</strong></span> <span class='ocrx_word' id='word_1_113' title='bbox 511 2556 660 2641; x_wconf 87' lang='lat' dir='ltr'><strong>Praeoipio</strong></span> <span class='ocrx_word' id='word_1_114' title='bbox 681 2555 765 2640; x_wconf 90' lang='lat' dir='ltr'><strong>quod</strong></span> <span class='ocrx_word' id='word_1_115' title='bbox 785 2557 983 2622; x_wconf 78' lang='lat' dir='ltr'><strong>monachide</strong></span> <span class='ocrx_word' id='word_1_116' title='bbox 999 2558 1158 2623; x_wconf 87' lang='lat' dir='ltr'><strong>Bathonia</strong></span> <span class='ocrx_word' id='word_1_117' title='bbox 1178 2558 1224 2622; x_wconf 89' lang='lat' dir='ltr'><strong>ita</strong></span> <span class='ocrx_word' id='word_1_118' title='bbox 1245 2558 1324 2624; x_wconf 92' lang='lat' dir='ltr'><strong>bene</strong></span> 
     </span>
     <span class='ocr_line' id='line_1_18' title="bbox 321 2667 1324 2752; baseline 0.003 -20"><span class='ocrx_word' id='word_1_119' title='bbox 321 2673 355 2732; x_wconf 89' lang='lat' dir='ltr'><strong>et</strong></span> <span class='ocrx_word' id='word_1_120' title='bbox 370 2667 405 2730; x_wconf 92' lang='lat' dir='ltr'><strong>in</strong></span> <span class='ocrx_word' id='word_1_121' title='bbox 421 2688 495 2752; x_wconf 84' lang='lat' dir='ltr'><strong>paee</strong></span> <span class='ocrx_word' id='word_1_122' title='bbox 510 2673 543 2732; x_wconf 90' lang='lat' dir='ltr'><strong>et</strong></span> <span class='ocrx_word' id='word_1_123' title='bbox 553 2667 640 2750; x_wconf 85' lang='lat' dir='ltr'><strong>juste</strong></span> <span class='ocrx_word' id='word_1_124' title='bbox 655 2671 688 2731; x_wconf 88' lang='lat' dir='ltr'><strong>et</strong></span> <span class='ocrx_word' id='word_1_125' title='bbox 702 2667 872 2733; x_wconf 82' lang='lat' dir='ltr'><strong>honorifice</strong></span> <span class='ocrx_word' id='word_1_126' title='bbox 887 2673 1016 2733; x_wconf 75' lang='lat' dir='ltr'><strong>teneant</strong></span> <span class='ocrx_word' id='word_1_127' title='bbox 1030 2675 1147 2733; x_wconf 85' lang='lat' dir='ltr'><strong>terram</strong></span> <span class='ocrx_word' id='word_1_128' title='bbox 1172 2691 1263 2734; x_wconf 86' lang='lat' dir='ltr'><strong>suam</strong></span> <span class='ocrx_word' id='word_1_129' title='bbox 1285 2669 1324 2735; x_wconf 87' lang='lat' dir='ltr'><strong>de</strong></span> 
     </span>
     <span class='ocr_line' id='line_1_19' title="bbox 322 2777 1324 2862; baseline 0.004 -21"><span class='ocrx_word' id='word_1_130' title='bbox 322 2777 449 2857; x_wconf 87' lang='lat' dir='ltr'><strong>Stooha,</strong></span> <span class='ocrx_word' id='word_1_131' title='bbox 464 2801 561 2862; x_wconf 89' lang='lat' dir='ltr'><strong>quam</strong></span> <span class='ocrx_word' id='word_1_132' title='bbox 580 2777 701 2843; x_wconf 85' lang='lat' dir='ltr'><strong>Grenta</strong></span> <span class='ocrx_word' id='word_1_133' title='bbox 715 2777 831 2858; x_wconf 87' lang='lat' dir='ltr'><strong>tenuit,</strong></span> <span class='ocrx_word' id='word_1_134' title='bbox 846 2777 928 2843; x_wconf 85' lang='lat' dir='ltr'><strong>sieut</strong></span> <span class='ocrx_word' id='word_1_135' title='bbox 943 2801 1013 2844; x_wconf 86' lang='lat' dir='ltr'><strong>eam</strong></span> <span class='ocrx_word' id='word_1_136' title='bbox 1036 2779 1324 2846; x_wconf 85' lang='lat' dir='ltr'><strong>disrationaverunt</strong></span> 
     </span>
    </p>
   </div>
   <div class='ocr_carea' id='block_1_8' title="bbox 232 2885 1323 3288">
    <p class='ocr_par' dir='ltr' id='par_1_8' title="bbox 232 2885 1323 3288">
     <span class='ocr_line' id='line_1_20' title="bbox 320 2885 1322 2975; baseline 0.004 -24"><span class='ocrx_word' id='word_1_137' title='bbox 320 2893 430 2951; x_wconf 84' lang='lat' dir='ltr'><strong>eontra</strong></span> <span class='ocrx_word' id='word_1_138' title='bbox 457 2885 674 2966; x_wconf 87' lang='lat' dir='ltr'><strong>Modhertnm‚</strong></span> <span class='ocrx_word' id='word_1_139' title='bbox 695 2911 751 2972; x_wconf 90' lang='lat' dir='ltr'><strong>per</strong></span> <span class='ocrx_word' id='word_1_140' title='bbox 772 2888 929 2973; x_wconf 77' lang='lat' dir='ltr'><strong>judicium</strong></span> <span class='ocrx_word' id='word_1_141' title='bbox 954 2889 1049 2954; x_wconf 71' lang='lat' dir='ltr'><strong>ouria</strong></span> <span class='ocrx_word' id='word_1_142' title='bbox 1065 2889 1221 2955; x_wconf 84' lang='lat' dir='ltr'><strong>Johannis</strong></span> <span class='ocrx_word' id='word_1_143' title='bbox 1242 2890 1322 2975; x_wconf 87' lang='lat' dir='ltr'><strong>epis-</strong></span> 
     </span>
     <span class='ocr_line' id='line_1_21' title="bbox 320 2995 1323 3082; baseline 0.004 -20"><span class='ocrx_word' id='word_1_144' title='bbox 320 2995 410 3081; x_wconf 85' lang='lat' dir='ltr'><strong>oopi;</strong></span> <span class='ocrx_word' id='word_1_145' title='bbox 433 3019 473 3062; x_wconf 93' lang='lat' dir='ltr'><strong>ne</strong></span> <span class='ocrx_word' id='word_1_146' title='bbox 487 3020 580 3082; x_wconf 88' lang='lat' dir='ltr'><strong>super</strong></span> <span class='ocrx_word' id='word_1_147' title='bbox 594 2999 652 3064; x_wconf 86' lang='lat' dir='ltr'><strong>hae</strong></span> <span class='ocrx_word' id='word_1_148' title='bbox 667 3000 732 3064; x_wconf 88' lang='lat' dir='ltr'><strong>nlla</strong></span> <span class='ocrx_word' id='word_1_149' title='bbox 746 2999 804 3065; x_wconf 82' lang='lat' dir='ltr'><strong>fiet</strong></span> <span class='ocrx_word' id='word_1_150' title='bbox 818 3001 863 3066; x_wconf 87' lang='lat' dir='ltr'><strong>eis</strong></span> <span class='ocrx_word' id='word_1_151' title='bbox 878 3001 952 3067; x_wconf 89' lang='lat' dir='ltr'><strong>inde</strong></span> <span class='ocrx_word' id='word_1_152' title='bbox 963 3001 1161 3068; x_wconf 87' lang='lat' dir='ltr'><strong>disturbatio.</strong></span> <span class='ocrx_word' id='word_1_153' title='bbox 1206 3003 1250 3067; x_wconf 88' lang='lat' dir='ltr'><strong>Et</strong></span> <span class='ocrx_word' id='word_1_154' title='bbox 1261 3001 1323 3066; x_wconf 89' lang='lat' dir='ltr'><strong>nisi</strong></span> 
     </span>
     <span class='ocr_line' id='line_1_22' title="bbox 322 3107 1323 3198; baseline 0.007 -27"><span class='ocrx_word' id='word_1_155' title='bbox 322 3107 441 3187; x_wconf 77' lang='lat' dir='ltr'><strong>feceris,</strong></span> <span class='ocrx_word' id='word_1_156' title='bbox 452 3107 580 3194; x_wconf 84' lang='lat' dir='ltr'><strong>justitia</strong></span> <span class='ocrx_word' id='word_1_157' title='bbox 594 3131 663 3174; x_wconf 84' lang='lat' dir='ltr'><strong>mea</strong></span> <span class='ocrx_word' id='word_1_158' title='bbox 678 3110 783 3176; x_wconf 84' lang='lat' dir='ltr'><strong>faeiat.</strong></span> <span class='ocrx_word' id='word_1_159' title='bbox 818 3112 911 3177; x_wconf 78' lang='lat' dir='ltr'><strong>&#39;Peste</strong></span> <span class='ocrx_word' id='word_1_160' title='bbox 928 3111 1087 3177; x_wconf 83' lang='lat' dir='ltr'><strong>Rodherto</strong></span> <span class='ocrx_word' id='word_1_161' title='bbox 1102 3112 1140 3177; x_wconf 90' lang='lat' dir='ltr'><strong>de</strong></span> <span class='ocrx_word' id='word_1_162' title='bbox 1151 3113 1228 3193; x_wconf 85' lang='lat' dir='ltr'><strong>Ver,</strong></span> <span class='ocrx_word' id='word_1_163' title='bbox 1240 3115 1323 3198; x_wconf 86' lang='lat' dir='ltr'><strong>apud</strong></span> 
     </span>
     <span class='ocr_line' id='line_1_23' title="bbox 232 3218 562 3288; baseline 0.012 -5"><span class='ocrx_word' id='word_1_164' title='bbox 232 3247 236 3256; x_wconf 94' lang='lat'>·</span> <span class='ocrx_word' id='word_1_165' title='bbox 323 3218 562 3288; x_wconf 89' lang='lat' dir='ltr'><strong>Goldintonam.</strong></span> 
     </span>
    </p>
   </div>
   <div class='ocr_carea' id='block_1_9' title="bbox 381 3705 1270 3795">
    <p class='ocr_par' dir='ltr' id='par_1_9' title="bbox 381 3705 1270 3795">
     <span class='ocr_line' id='line_1_24' title="bbox 381 3705 1270 3795; baseline 0.009 -27"><span class='ocrx_word' id='word_1_166' title='bbox 381 3705 519 3786; x_wconf 75' lang='lat' dir='ltr'><strong>[Morus</strong></span> <span class='ocrx_word' id='word_1_167' title='bbox 533 3724 573 3770; x_wconf 82' lang='lat' dir='ltr'><strong>or</strong></span> <span class='ocrx_word' id='word_1_168' title='bbox 588 3705 738 3770; x_wconf 78' lang='lat' dir='ltr'><strong>Duanan</strong></span> <span class='ocrx_word' id='word_1_169' title='bbox 753 3729 782 3771; x_wconf 88' lang='lat' dir='ltr'><strong>o.</strong></span> <span class='ocrx_word' id='word_1_170' title='bbox 799 3707 923 3772; x_wconf 78' lang='lat' dir='ltr'><strong>Morum</strong></span> <span class='ocrx_word' id='word_1_171' title='bbox 937 3727 977 3772; x_wconf 86' lang='lat' dir='ltr'><strong>or</strong></span> <span class='ocrx_word' id='word_1_172' title='bbox 992 3709 1098 3776; x_wconf 82' lang='lat' dir='ltr'><strong>Yoan.</strong></span> <span class='ocrx_word' id='word_1_173' title='bbox 1145 3713 1270 3795; x_wconf 71' lang='grc'><strong>1121.]1</strong></span> 
     </span>
    </p>
   </div>
   <div class='ocr_carea' id='block_1_10' title="bbox 323 3849 1325 4084">
    <p class='ocr_par' dir='ltr' id='par_1_10' title="bbox 323 3849 1325 4084">
     <span class='ocr_line' id='line_1_25' title="bbox 323 3849 1324 3918; baseline 0.012 -20"><span class='ocrx_word' id='word_1_174' title='bbox 323 3849 390 3916; x_wconf 82' lang='lat' dir='ltr'><strong>[The</strong></span> <span class='ocrx_word' id='word_1_175' title='bbox 411 3852 545 3915; x_wconf 82' lang='lat' dir='ltr'><strong>plaintiffs,</strong></span> <span class='ocrx_word' id='word_1_176' title='bbox 568 3853 604 3916; x_wconf 85' lang='lat' dir='ltr'><strong>by</strong></span> <span class='ocrx_word' id='word_1_177' title='bbox 623 3852 668 3901; x_wconf 86' lang='lat' dir='ltr'><strong>the</strong></span> <span class='ocrx_word' id='word_1_178' title='bbox 686 3852 830 3917; x_wconf 82' lang='lat' dir='ltr'><strong>testimony</strong></span> <span class='ocrx_word' id='word_1_179' title='bbox 849 3852 880 3902; x_wconf 82' lang='lat' dir='ltr'><strong>of</strong></span> <span class='ocrx_word' id='word_1_180' title='bbox 892 3869 909 3902; x_wconf 81' lang='lat' dir='ltr'><strong>a</strong></span> <span class='ocrx_word' id='word_1_181' title='bbox 925 3855 1158 3918; x_wconf 80' lang='lat' dir='ltr'><strong>oertainwitness,</strong></span> <span class='ocrx_word' id='word_1_182' title='bbox 1180 3874 1287 3912; x_wconf 76' lang='lat' dir='ltr'><strong>moeror</strong></span> <span class='ocrx_word' id='word_1_183' title='bbox 1307 3879 1324 3916; x_wconf 69' lang='lat' dir='ltr'><strong>a</strong></span> 
     </span>
     <span class='ocr_line' id='line_1_26' title="bbox 386 3928 1325 4000; baseline 0.014 -22"><span class='ocrx_word' id='word_1_184' title='bbox 386 3928 485 3978; x_wconf 88' lang='lat' dir='ltr'><strong>ohnroh</strong></span> <span class='ocrx_word' id='word_1_185' title='bbox 495 3929 525 3978; x_wconf 81' lang='lat' dir='ltr'><strong>of</strong></span> <span class='ocrx_word' id='word_1_186' title='bbox 532 3929 617 3978; x_wconf 83' lang='lat' dir='ltr'><strong>whioh</strong></span> <span class='ocrx_word' id='word_1_187' title='bbox 628 3929 693 3992; x_wconf 83' lang='lat' dir='ltr'><strong>they</strong></span> <span class='ocrx_word' id='word_1_188' title='bbox 704 3929 756 3978; x_wconf 78' lang='lat' dir='ltr'><strong>had</strong></span> <span class='ocrx_word' id='word_1_189' title='bbox 767 3930 832 3980; x_wconf 86' lang='lat' dir='ltr'><strong>boen</strong></span> <span class='ocrx_word' id='word_1_190' title='bbox 843 3931 997 3996; x_wconf 78' lang='lat' dir='ltr'><strong>nulawfully</strong></span> <span class='ocrx_word' id='word_1_191' title='bbox 1003 3931 1129 3984; x_wconf 83' lang='lat' dir='ltr'><strong>dissoised</strong></span> <span class='ocrx_word' id='word_1_192' title='bbox 1138 3936 1175 4000; x_wconf 84' lang='lat' dir='ltr'><strong>by</strong></span> <span class='ocrx_word' id='word_1_193' title='bbox 1183 3951 1232 3987; x_wconf 82' lang='lat' dir='ltr'><strong>ono</strong></span> <span class='ocrx_word' id='word_1_194' title='bbox 1240 3940 1325 3991; x_wconf 84' lang='lat' dir='ltr'><strong>under</strong></span> 
     </span>
     <span class='ocr_line' id='line_1_27' title="bbox 386 4005 1323 4084; baseline 0.014 -29"><span class='ocrx_word' id='word_1_195' title='bbox 386 4006 473 4056; x_wconf 81' lang='lat' dir='ltr'><strong>whom</strong></span> <span class='ocrx_word' id='word_1_196' title='bbox 494 4005 540 4055; x_wconf 88' lang='lat' dir='ltr'><strong>tho</strong></span> <span class='ocrx_word' id='word_1_197' title='bbox 557 4005 713 4056; x_wconf 80' lang='lat' dir='ltr'><strong>desendants</strong></span> <span class='ocrx_word' id='word_1_198' title='bbox 730 4006 808 4056; x_wconf 83' lang='lat' dir='ltr'><strong>olaim</strong></span> <span class='ocrx_word' id='word_1_199' title='bbox 817 4025 824 4066; x_wconf 70' lang='grc' dir='ltr'><strong>ς</strong></span> <span class='ocrx_word' id='word_1_200' title='bbox 849 4007 896 4058; x_wconf 86' lang='lat' dir='ltr'><strong>the</strong></span> <span class='ocrx_word' id='word_1_201' title='bbox 914 4009 977 4058; x_wconf 84' lang='lat' dir='ltr'><strong>trial</strong></span> <span class='ocrx_word' id='word_1_202' title='bbox 994 4012 1131 4075; x_wconf 82' lang='lat' dir='ltr'><strong>ocourring</strong></span> <span class='ocrx_word' id='word_1_203' title='bbox 1147 4014 1234 4065; x_wconf 80' lang='lat' dir='ltr'><strong>before</strong></span> <span class='ocrx_word' id='word_1_204' title='bbox 1244 4031 1323 4084; x_wconf 83' lang='lat' dir='ltr'><strong>many</strong></span> 
     </span>
    </p>
   </div>
   <div class='ocr_carea' id='block_1_11' title="bbox 322 4081 1323 4287">
    <p class='ocr_par' dir='ltr' id='par_1_11' title="bbox 322 4081 1323 4287">
     <span class='ocr_line' id='line_1_28' title="bbox 386 4081 554 4148; baseline 0.012 -17"><span class='ocrx_word' id='word_1_205' title='bbox 386 4087 462 4148; x_wconf 73' lang='lat' dir='ltr'><strong>great</strong></span> <span class='ocrx_word' id='word_1_206' title='bbox 472 4081 554 4148; x_wconf 81' lang='lat' dir='ltr'><strong>mon]</strong></span> 
     </span>
     <span class='ocr_line' id='line_1_29' title="bbox 322 4193 1323 4287; baseline 0.014 -28"><span class='ocrx_word' id='word_1_207' title='bbox 322 4193 489 4262; x_wconf 72' lang='lat' dir='ltr'><strong>Mortem</strong></span> <span class='ocrx_word' id='word_1_208' title='bbox 511 4193 741 4261; x_wconf 85' lang='lat' dir='ltr'><strong>Dunelmenses</strong></span> <span class='ocrx_word' id='word_1_209' title='bbox 763 4195 846 4261; x_wconf 81' lang='lat' dir='ltr'><strong>faeta</strong></span> <span class='ocrx_word' id='word_1_210' title='bbox 879 4196 918 4261; x_wconf 91' lang='lat' dir='ltr'><strong>de</strong></span> <span class='ocrx_word' id='word_1_211' title='bbox 948 4197 1076 4264; x_wconf 84' lang='lat' dir='ltr'><strong>eoolesia</strong></span> <span class='ocrx_word' id='word_1_212' title='bbox 1108 4224 1176 4287; x_wconf 83' lang='lat' dir='ltr'><strong>quae</strong></span> <span class='ocrx_word' id='word_1_213' title='bbox 1207 4212 1257 4271; x_wconf 86' lang='lat' dir='ltr'><strong>est</strong></span> <span class='ocrx_word' id='word_1_214' title='bbox 1289 4207 1323 4274; x_wconf 89' lang='lat' dir='ltr'><strong>in</strong></span> 
     </span>
    </p>
   </div>
   <div class='ocr_carea' id='block_1_12' title="bbox 443 4354 1191 4427">
    <p class='ocr_par' dir='ltr' id='par_1_12' title="bbox 443 4354 1191 4427">
     <span class='ocr_line' id='line_1_30' title="bbox 443 4354 1191 4427; baseline 0.012 -23"><span class='ocrx_word' id='word_1_215' title='bbox 443 4354 452 4389; x_wconf 87' lang='lat'>¹</span> <span class='ocrx_word' id='word_1_216' title='bbox 471 4357 485 4404; x_wconf 93' lang='lat'>1</span> <span class='ocrx_word' id='word_1_217' title='bbox 497 4355 647 4421; x_wconf 75' lang='lat' dir='ltr'><strong>Twyrden&#39;s</strong></span> <span class='ocrx_word' id='word_1_218' title='bbox 660 4355 812 4420; x_wconf 76' lang='lat' dir='ltr'><strong>Scriptores,</strong></span> <span class='ocrx_word' id='word_1_219' title='bbox 824 4358 873 4405; x_wconf 76' lang='lat'><strong>24³</strong></span> <span class='ocrx_word' id='word_1_220' title='bbox 887 4355 1003 4422; x_wconf 81' lang='lat' dir='ltr'><strong>(Simeon</strong></span> <span class='ocrx_word' id='word_1_221' title='bbox 1014 4359 1042 4408; x_wconf 82' lang='lat' dir='ltr'><strong>of</strong></span> <span class='ocrx_word' id='word_1_222' title='bbox 1053 4360 1191 4427; x_wconf 85' lang='lat' dir='ltr'><strong>Durhom).</strong></span> 
     </span>
    </p>
   </div>
   <div class='ocr_carea' id='block_1_13' title="bbox 0 0 1650 5142">
    <p class='ocr_par' dir='ltr' id='par_1_13' title="bbox 0 0 1650 5142">
     <span class='ocr_line' id='line_1_31' title="bbox 0 0 1650 5142; baseline 0 0"><span class='ocrx_word' id='word_1_223' title='bbox 0 0 1650 5142; x_wconf 95' lang='lat' dir='ltr'><strong> </strong></span> 
     </span>
    </p>
   </div>
  </div>
 </body>
</html>
