3298 5162
705 706 877 750 APPENDlll.

771 899 807 962 B.

347 1036 498 1092 APPEAL
515 1037 562 1094 OF
581 1039 757 1095 TREASON
776 1041 856 1095 sul)
876 1041 998 1096 ABUSE
1017 1040 1064 1097 OF
1083 1041 1226 1098 ossius.

517 1177 596 1246 [Tne
616 1178 699 1232 Krso
718 1198 741 1232 v.
763 1179 842 1234 Esau
861 1179 932 1235 Ouo.
960 1180 1050 1249 1082]
1067 1179 1074 1212 ¹

323 1313 393 1382 [The
406 1314 561 1378 defendant,
570 1315 747 1370 half-brother
760 1315 789 1370 of
803 1317 919 1371 Willium
934 1317 979 1371 the
993 1317 1153 1389 Conqueror,
1162 1319 1213 1372 had
1224 1317 1289 1374 been

286 1403 420 1458 rewarded
432 1405 498 1459 with
512 1406 558 1459 the
570 1412 670 1475 county
682 1405 712 1460 of
727 1407 800 1460 Keut
813 1407 854 1460 for
867 1407 908 1460 his
922 1408 1032 1460 services
1046 1407 1073 1460 iu
1087 1407 1133 1462 the
1146 1407 1288 1479 Conquest,

286 1495 315 1545 at
338 1491 384 1546 the
409 1511 481 1547 same
505 1496 571 1547 time
591 1494 725 1564 retaining
744 1493 786 1547 bis
805 1491 921 1564 position
940 1512 969 1546 as
988 1493 1092 1565 bishop.
1130 1495 1241 1566 Hoping
1260 1500 1289 1550 to

286 1578 394 1632 succeed
410 1579 531 1650 Gregory
543 1580 611 1634 VII.
625 1581 652 1634 in
666 1581 711 1635 the
724 1599 833 1652 papeey,
846 1580 904 1635 0do
923 1580 983 1644 bad,
997 1580 1095 1651 during
1113 1581 1159 1636 the
1178 1581 1288 1636 absence

286 1665 317 1718 of
331 1665 377 1720 tto
390 1665 458 1736 king
471 1667 497 1720 in
517 1667 683 1738 Normandy,
704 1667 780 1720 made
793 1670 870 1738 great
882 1667 1064 1737 preparatione
1077 1672 1105 1721 to
1115 1687 1150 1739 go
1164 1673 1192 1723 to
1205 1669 1289 1723 Rome

285 1756 313 1805 to
326 1753 386 1812 look
400 1754 468 1807 aller
480 1753 522 1807 bis
535 1759 668 1824 prospecte
681 1754 709 1807 in
722 1771 826 1824 person,
835 1753 888 1807 and
901 1754 953 1807 had
968 1753 1043 1808 made
1056 1752 1103 1808 the
1117 1760 1187 1809 most
1202 1755 1287 1810 lerish

285 1839 391 1910 outlays
404 1845 432 1893 to
445 1859 539 1894 ensure
552 1859 661 1894 success.
698 1840 754 1895 The
766 1839 834 1910 king
846 1840 899 1894 had
911 1840 960 1894 left
973 1839 1029 1893 him
1043 1841 1071 1894 in
1084 1841 1181 1912 charge
1194 1841 1224 1896 ot
1242 1843 1289 1896 the

285 1925 423 1996 kingdom,
437 1945 466 1980 as
478 1927 550 1981 chief
556 1927 688 1998 justicior.
725 1927 782 1982 'rte
794 1931 906 1982 account
918 1927 1040 1998 proceeds
1052 1929 1107 1997 :—]

290 2007 292 2010 ’
320 2014 486 2083 Apparatum
507 2013 553 2084 huj
559 2015 661 2068 asmodi
681 2015 796 2085 prudens
814 2034 859 2068 rex
874 2015 1033 2070 Guillelmus
1046 2015 1162 2080 edidicit,
1175 2015 1220 2070 sed
1234 2035 1286 2070 non

285 2096 449 2166 approbavit,
468 2116 601 2168 regnoque
614 2115 670 2162 suo,
682 2098 827 2169 multisque
839 2098 898 2152 aliis
911 2097 986 2152 valde
1000 2098 1151 2152 nociturum
1169 2099 1285 2153 aestima·

285 2186 334 2238 vit.
371 2183 450 2238 Unde
464 2184 621 2239 festinanter
633 2185 661 2238 in
673 2185 801 2256 Angliam
814 2185 1007 2250 transfretavit,
1020 2204 1050 2239 ac
1062 2184 1149 2239 Odoni
1166 2184 1287 2256 episcopo

284 2289 345 2324 eum
357 2271 453 2340 grandi
467 2290 563 2342 pompa
576 2273 703 2342 navigare
716 2271 744 2325 in
756 2272 953 2326 Normanniam
966 2270 1092 2342 cupienti,
1104 2290 1136 2325 ex
1153 2272 1287 2343 insperato

284 2357 313 2411 in
332 2357 418 2412 insula
431 2358 535 2412 Vecta²
548 2357 674 2413 obviarit.
712 2357 755 2412 Ibi
769 2359 896 2412 nimirum
909 2358 1078 2429 congregatis
1091 2357 1119 2412 in
1132 2357 1192 2412 aula
1204 2357 1288 2430 regali

285 2444 445 2515 primoribus
458 2446 534 2516 regni
548 2465 593 2500 rex
606 2447 644 2500 ita
657 2445 761 2500 locutus
774 2449 823 2500 est.

321 2539 336 2562 ‘⁸
346 2533 457 2604 Egregii
478 2552 603 2604 proceres,
624 2530 703 2588 rerba
723 2552 782 2588 mea
800 2533 943 2603 diligenter
955 2533 1055 2596 audite,
1068 2537 1095 2587 ct
1108 2531 1212 2587 salubre
1225 2551 1286 2587 con·

284 2618 375 2673 silium
396 2619 471 2684 mihi,
493 2639 590 2692 quaeso,
611 2618 730 2675 tribuite.
766 2621 920 2692 Antequam
940 2619 1155 2674 transfretassem
1175 2619 1203 2673 in
1217 2619 1285 2674 Nor·

285 2707 429 2770 manniam,
443 2707 560 2778 regimen
572 2708 679 2778 Angliae
692 2707 766 2762 fratri
781 2726 846 2771 meo,
860 2705 998 2778 Bajccensi
1011 2707 1139 2779 episcopo,
1152 2726 1285 2762 commen·

285 2792 418 2848 doveram.
456 2794 489 2847 In
509 2794 675 2848 Normannia
694 2794 774 2848 multi
794 2799 887 2848 contra
906 2813 949 2849 me
962 2799 1142 2858 surrexerunt,
1156 2799 1192 2863 et,
1205 2796 1288 2850 utita

285 2880 379 2942 dicam,
403 2875 505 2936 intimf
524 2886 551 2936 et
570 2881 691 2936 forinseci
711 2900 753 2936 me
772 2882 938 2936 invaserunt.
976 2881 1108 2937 Robertus
1121 2882 1190 2936 filius
1202 2902 1287 2946 meus,

285 2973 312 3023 et
325 2970 425 3024 tirones
438 2989 503 3040 quos
516 2970 641 3034 enutriri,
655 2975 683 3024 et
695 2969 790 3041 quibus
803 2988 879 3024 arma
891 2969 959 3034 dedi,
973 2974 1065 3025 contra
1085 2989 1127 3025 me
1145 2970 1286 3025 rebellare·

284 3061 357 3121 runt,
370 3058 460 3129 eisque
472 3059 524 3113 mei
535 3057 646 3113 malefici
659 3057 767 3114 clientes
777 3063 803 3113 et
817 3057 925 3112 finitimi
938 3058 1027 3113 hostes
1035 3063 1192 3130 grantanter
1200 3059 1287 3113 adbre-

284 3150 384 3200 serunt.
420 3146 519 3201 Verum
541 3147 603 3209 Deo,
622 3147 698 3217 cujus
710 3165 801 3201 servus
811 3164 879 3209 sum,
893 3165 934 3200 me
947 3151 1110 3217 protegente,
1123 3147 1161 3199 nil
1174 3145 1286 3217 profece-

285 3242 366 3297 runt;
386 3253 433 3288 nec
454 3234 486 3288 de
507 3253 565 3289 meo
578 3234 688 3305 aliquid,
702 3234 753 3288 nisi
766 3235 864 3287 ferrum
879 3234 906 3287 in
920 3234 1075 3288 vulneribus
1089 3235 1152 3298 auis,
1165 3234 1285 3289 obtinue-

284 3324 356 3374 runt
392 3319 570 3391 Oonglcbatcs
590 3321 618 3374 in
637 3339 679 3375 me
693 3320 898 3391 Andagavenses
910 3325 1018 3391 paratus
1031 3320 1063 3374 ad
1076 3321 1175 3376 bellum
1188 3329 1287 3376 terrore

284 3407 434 3478 compressi,
455 3407 566 3478 parique
587 3408 665 3462 modo
682 3406 838 3461 rebellantes
851 3407 1035 3462 Cenomannos
1048 3408 1129 3462 armis
1142 3411 1169 3462 et
1181 3407 1284 3462 viribus

284 3495 439 3565 compescui.
477 3495 530 3549 His
549 3495 677 3550 nimirum
691 3494 908 3565 occupationibus
927 3494 998 3549 ultra
1016 3513 1087 3549 mare
1100 3495 1221 3550 irretitus
1232 3495 1284 3560 fni,

284 3583 374 3653 ibique
392 3582 438 3636 diu
459 3585 585 3645 moratus,
605 3582 717 3653 publicis
737 3581 899 3637 utilitatibus
919 3581 1047 3636 laboriose
1059 3580 1197 3636 deservivi.
1235 3583 1284 3636 Iu·

285 3673 357 3724 terea
370 3669 452 3724 frater
463 3687 538 3723 meus
550 3669 679 3740 Angliam
692 3669 861 3724 vehementer
872 3669 1011 3741 oppressit,
1024 3673 1051 3723 et
1063 3668 1183 3722 ecclesias
1195 3668 1285 3723 fundis

285 3759 313 3810 et
336 3755 487 3810 redditibus
512 3756 679 3827 exspoliavit,
709 3755 873 3810 ornamentis
903 3756 936 3810 ab
967 3755 1175 3810 antecessoribus
1205 3756 1284 3810 editis

285 3843 405 3906 nudavit,
419 3843 569 3915 militesque
582 3861 662 3907 meos,
672 3842 717 3914 qui
730 3847 822 3898 contra
837 3844 926 3897 Dauos
939 3847 967 3897 et
980 3841 1167 3904 Hibernenses,
1179 3849 1206 3896 et
1218 3842 1285 3897 alios

284 3933 374 3986 hostes
394 3931 461 3984 mihi
480 3931 561 3986 nimis
583 3931 700 3991 infestos,
720 3930 848 4000 Angliam
868 3929 950 3984 tutari
963 3928 1116 3992 debuerant,
1131 3930 1243 3994 seduxit,
1256 3934 1284 3986 et

284 4023 359 4073 trans
378 4017 460 4088 Alpes
481 4017 509 4072 in
531 4022 621 4073 extera
644 4036 734 4088 regna,
755 4035 797 4070 me
819 4021 978 4087 contempto,
995 4015 1145 4088 pertrahere
1157 4016 1283 4088 disponit.

284 4105 393 4160 Nimius
414 4104 488 4159 labor
507 4123 551 4159 cor
573 4123 661 4159 meum
679 4103 766 4172 angit,
787 4101 919 4173 precipue
936 4121 984 4172 pro
1004 4101 1119 4157 ecelesiis
1140 4103 1198 4167 Dei,
1218 4123 1284 4174 quas

1222 4240 1288 4252 —-

323 4319 329 4351 ¹
344 4321 360 4374 3
374 4319 436 4376 ord.
445 4317 528 4374 vital.
540 4320 590 4372 189
605 4316 717 4386 (Frencb
733 4315 805 4369 Hist.
820 4316 897 4384 Son).
1016 4317 1027 4349 ²
1041 4314 1094 4371 Isle
1106 4317 1136 4371 of
1145 4316 1250 4388 wigtt.

715 4403 724 4434 ³
738 4403 838 4456 inimici
849 4403 862 4457 Ρ

761 4509 782 4552 u
801 4491 818 4550 2
