3280 5132
704 665 811 710 asnar
834 665 856 710 r.
1237 644 1278 707 83

278 825 423 905 coeperat,
438 825 471 884 et
485 817 660 885 vicinorum
676 840 749 883 rura
764 840 890 883 suorum
907 817 1051 881 inccndio
1066 816 1279 882 combusserat

286 931 380 1016 (quod
407 931 440 994 in
464 930 519 994 illa
542 930 670 1013 regione
697 928 814 992 crimen
842 936 890 994 est
913 930 1113 1009 inusitatum,
1128 951 1186 994 nec
1212 928 1280 995 sine

280 1041 372 1125 gravi
397 1040 517 1104 ultione
540 1039 578 1104 fit
602 1039 789 1122 expiatrun),
810 1038 931 1123 rigidus
954 1061 1063 1104 censor
1087 1046 1279 1118 accusatum,

281 1175 338 1216 nec
353 1157 535 1235 purgatum,
555 1150 696 1234 ingentis
721 1149 860 1234 pecunias
886 1149 1060 1216 redditione
1080 1150 1233 1230 oneravit,
1248 1155 1281 1215 et

281 1262 416 1346 plurimo
431 1284 549 1347 angore
564 1261 752 1326 tribulatum
768 1260 998 1326 morstifieavit.

337 1425 392 1476 The
403 1427 456 1475 two
466 1423 627 1488 paragraphs
636 1424 717 1474 above
728 1437 825 1486 appear
837 1425 864 1473 to
875 1423 943 1474 mser
953 1427 982 1472 to
992 1423 1037 1472 the
1048 1437 1119 1474 same
1130 1423 1214 1474 trials.

412 2115 496 2198 [Tua
512 2116 603 2181 Krnc
625 2139 652 2182 o.
670 2117 803 2180 Manna
825 2118 981 2181 Bsusuu.
1028 2116 1152 2198 1102]ι

413 2272 481 2340 [The
493 2275 634 2326 defendant
644 2275 773 2325 outlawsd
784 2275 820 2339 by
831 2275 876 2324 the
887 2273 951 2339 king
966 2273 1018 2324 and
1029 2272 1145 2338 barone]

282 2403 380 2467 Aureo
405 2403 445 2467 ab
477 2402 691 2468 incarnatione
717 2402 849 2468 Domini
877 2403 1005 2484 MCH,
1035 2403 1206 2469 indictione
1229 2406 1282 2486 X„

284 2513 443 2580 Henrieus
474 2537 529 2578 rex
559 2514 756 2580 Radbertum
787 2514 825 2579 de
855 2513 1004 2592 Belismo,
1025 2513 1282 2600 potentissimum

280 2625 440 2704 comitem,
466 2625 507 2690 ad
530 2625 651 2690 curiam
676 2649 766 2691 suam
792 2625 916 2706 ascivit,
938 2631 972 2691 et
998 2626 1103 2691 XLV.
1120 2634 1225 2692 reatus
1248 2629 1284 2693 in

281 2735 374 2802 factis
388 2759 444 2802 seu
458 2735 552 2802 dictis
567 2742 679 2803 contra
694 2760 727 2803 se
741 2737 793 2802 vel
808 2736 936 2802 fratrem
957 2759 1063 2818 suum,
1077 2737 1283 2805 Normanuiae

280 2846 402 2924 ducem,
429 2847 610 2913 commissos
635 2847 764 2932 objecit,
788 2853 821 2913 et
850 2847 889 2912 de
918 2847 1053 2932 singulis
1082 2871 1154 2913 eum
1177 2849 1282 2935 palam

281 2956 466 3042 respondere
486 2957 646 3043 praecepit.
690 2956 873 3041 Diligenter
895 2956 981 3023 enim
1007 2981 1079 3022 eum
1099 2959 1215 3026 lecerat
1228 2983 1284 3046 per

282 3091 380 3132 unum
416 3091 536 3133 aunum
573 3067 737 3153 explorari,
773 3072 807 3132 et
843 3067 1066 3152 vituperabiles
1103 3077 1192 3137 aetus
1228 3096 1285 3158 per

281 3179 420 3263 privatos
446 3178 657 3264 exploratores
686 3184 777 3243 caute
804 3177 1002 3262 investigari,
1027 3203 1285 3269 summopereque

280 3289 396 3354 litteris
435 3290 591 3357 annotari.
645 3289 788 3374 Cumque
826 3289 1005 3354 Rodbertus
1039 3289 1210 3372 licentiam,
1246 3301 1285 3360 ut

282 3399 378 3464 moris
406 3405 466 3480 est,
496 3401 592 3465 eundi
621 3399 661 3465 ad
690 3398 856 3464 eonsilium
886 3419 958 3463 cum
988 3397 1053 3464 suis
1084 3402 1284 3485 postulasset,

282 3509 451 3593 eademque
486 3515 623 3594 accepta,
659 3531 814 3595 egressus,
840 3507 970 3593 purgari
1006 3531 1039 3574 se
1076 3509 1115 3574 de
1151 3511 1284 3596 objectis

283 3617 468 3706 criminibus
484 3641 546 3684 non
562 3642 653 3704 posse
668 3618 862 3704 agnovisset,
878 3617 966 3702 equis
980 3596 1123 3684 celeriter
1137 3622 1283 3702 ascensis,

283 3729 324 3794 ad
349 3729 479 3794 castella
504 3753 561 3794 sua
583 3728 717 3815 pavidus
742 3733 775 3794 et
800 3728 931 3793 anhelus
957 3729 1114 3812 confugit,
1137 3735 1180 3810 et,
1210 3753 1284 3817 rege

282 3863 353 3905 curn
369 3839 540 3904 baronibus
551 3840 616 3904 suis
632 3861 816 3924 responsum
831 3843 1028 3922 expectante,
1040 3838 1145 3922 regius
1160 3841 1285 3908 satelles

283 3950 480 4018 Rodbertum
507 3949 666 4034 extemplo
690 3947 850 4014 recessisse
872 3947 992 4013 rotulit.
1037 3951 1125 4015 Tune
1141 3950 1284 4018 delusum

281 4087 313 4128 se
329 4085 384 4127 rex
398 4061 501 4126 doluit
508 4088 518 4140 3
542 4061 597 4126 sed
612 4067 737 4144 tempus
753 4057 885 4123 ultionis
896 4081 961 4124 non
971 4059 1085 4125 dubius
1096 4065 1286 4147 expectavit.

283 4171 481 4239 Radbertum
511 4171 618 4256 itaque
647 4168 782 4256 publicis
812 4168 972 4254 questibus
1009 4169 1202 4256 impetitum,
1230 4197 1286 4240 uec

489 4323 498 4357 ¹
516 4325 605 4373 sord.
617 4324 696 4374 Vital.
710 4323 757 4372 169
771 4323 885 4388 (l'rouoh
897 4322 966 4373 Hist.
979 4320 1055 4386 Soa).

802 4433 820 4474 o
837 4416 855 4474 2
