3286 5150
724 667 833 712 annor
856 667 893 712 11.
1241 643 1301 710 201
1390 683 1394 692 ι

307 815 368 880 His
382 817 485 883 vorbis
499 841 553 884 rex
571 818 801 904 aliquantulum
816 826 1001 898 commotus,
1010 817 1157 902 pracepit
1170 824 1207 883 ut
1222 815 1306 901 apud

306 929 501 995 Oxeneforde
516 929 631 995 itemm
646 931 954 1016 Walingefordcnses
969 935 1001 994 et
1016 929 1118 994 omnis
1137 927 1305 994 comitatus

306 1039 500 1105 Berchescire
509 1063 611 1104 coram
625 1039 761 1125 justiciis
773 1040 836 1104 suis
848 1040 1067 1119 convenirent;
1083 1045 1164 1105 etex
1174 1045 1306 1123 utraque

305 1157 393 1233 parte
416 1151 549 1216 seniores
573 1150 634 1214 viri
656 1150 855 1235 eligerentur,
877 1149 942 1234 qui,
965 1150 1136 1215 secundnm
1157 1150 1241 1234 quod
1261 1147 1306 1214 eis

306 1283 415 1325 verum
440 1260 606 1342 videretur,
621 1283 677 1346 pro
700 1261 768 1326 foro
791 1259 1036 1326 Abbendonensi
1058 1261 1211 1345 jurarent.
1253 1258 1308 1324 Ita

305 1375 413 1436 tamen
427 1377 465 1436 ut
486 1372 524 1438 de
545 1371 673 1437 abbatia
694 1372 799 1436 nullus
820 1371 859 1437 de
879 1370 1059 1456 jurantibus
1080 1376 1171 1450 esset,
1186 1393 1226 1435 ne
1240 1392 1308 1433 sus·
1409 1352 1414 1362 ⁴

306 1480 484 1565 picarentur
507 1482 611 1568 aliqua
634 1482 673 1547 de
698 1505 790 1547 causa
815 1481 894 1547 velle
919 1484 1069 1567 pejurare.
1117 1481 1210 1548 Quod
1235 1503 1308 1545 oum

308 1593 502 1677 pmcepisset
517 1617 570 1660 rex
581 1619 591 1673 3
615 1592 654 1657 ad
679 1592 888 1659 Saresberiam
910 1593 1067 1678 profectus
1089 1600 1147 1674 est,
1162 1591 1308 1657 omnibus

307 1703 443 1787 justiciis
456 1703 520 1768 suis
535 1704 576 1768 ad
589 1703 780 1768 audiendum
795 1703 921 1768 relictis.

353 1813 548 1898 congregati
577 1820 653 1877 sunt
682 1836 757 1898 ergo
785 1819 823 1879 ut
851 1837 905 1879 rex
933 1814 1068 1898 jusserat
1096 1813 1233 1880 universi
1244 1840 1253 1894 ;
1277 1820 1310 1880 et

309 1924 476 2006 segregati,
493 1923 547 2007 qui
561 1924 713 2008 jurarent,
722 1923 852 1989 diversis
867 1923 1065 2008 opinionibus
1079 1947 1205 1989 oausam
1220 1947 1310 1989 suam

310 2033 553 2098 contundebant.
584 2033 890 2099 Walinkefordenses
905 2034 990 2099 enim
1005 2057 1165 2120 nunquam
1179 2035 1311 2100 Henrici

310 2142 394 2228 regis
408 2143 537 2208 senioris
559 2150 698 2227 tempore
713 2150 824 2229 praeter
838 2167 951 2230 panem
966 2144 1016 2210 vel
1037 2144 1199 2210 cervisiam
1216 2143 1311 2210 vendi

311 2253 346 2318 in
367 2254 576 2320 Abbendonia
595 2252 766 2340 jurabant3
791 2255 1058 2320 Oxenefondenses
1079 2277 1152 2321 vero
1170 2257 1256 2339 (nam
1278 2263 1311 2320 et

311 2364 373 2450 ipsi
386 2364 548 2450 jurabant)
566 2389 598 2430 se
620 2371 792 2430 mercatum
807 2364 887 2429 inibi
901 2365 1083 2449 ampliorem
1104 2365 1232 2448 caeteris,
1247 2389 1312 2432 non

312 2481 418 2540 autem
444 2474 584 2560 plenum,
613 2474 710 2539 utin
740 2474 873 2540 navibus
903 2475 1050 2540 onerariis
1078 2482 1111 2542 et
1140 2477 1311 2562 quadrigis,

312 2585 426 2651 vidisse
441 2585 607 2651 dicebant:
631 2585 685 2671 qui
700 2609 772 2651 vero
787 2586 825 2651 de
840 2585 992 2651 comitatu
1009 2587 1169 2673 jurabant,
1182 2587 1312 2673 plenum

313 2695 456 2760 omnium
478 2719 580 2762 rerum
595 2702 768 2761 mercatum
782 2696 896 2762 vidisse
906 2720 939 2761 se
954 2696 1132 2764 asserebant
1139 2725 1148 2778 ς
1172 2699 1211 2764 de
1222 2699 1311 2764 navi·

312 2807 371 2872 bus
393 2812 523 2872 tuntum
549 2805 708 2887 onerariis,
722 2830 778 2891 per
799 2829 912 2892 aquam
939 2807 1083 2873 'lamisio
1108 2809 1313 2890 currentibus,

314 2917 504 2982 dubitabant
512 2944 522 2997 3
546 2916 661 2982 abbate
675 2924 781 2983 tamen
796 2917 929 2982 navibus
943 2917 1007 2982 suis
1022 2919 1062 2984 ad
1076 2943 1112 2984 ea
1133 2943 1202 3005 quae
1218 2921 1314 2986 vellet

313 3035 431 3095 utente.
477 3030 591 3094 Comes
607 3035 713 3094 autem
730 3029 943 3114 Legecestriae,
959 3030 1014 3115 qui
1032 3030 1158 3115 justitia
1171 3039 1204 3098 et
1217 3032 1314 3117 judex

314 3140 432 3220 aderat,
453 3163 560 3206 eorum
585 3139 695 3204 videns
717 3139 876 3224 opiniones
898 3140 1027 3221 variare,
1041 3140 1122 3205 nihil
1142 3166 1234 3227 super
1255 3143 1315 3208 hoc

314 3251 454 3334 judicare
475 3250 673 3334 presumpsit
683 3277 693 3328 ;
727 3251 781 3314 sed
806 3250 846 3314 ad
872 3273 978 3334 regem
1002 3252 1169 3336 profectus,
1194 3253 1223 3319 ei
1246 3277 1314 3339 quae

318 3367 409 3444 gesta
427 3362 554 3426 fucrant
582 3359 744 3425 indicavit.
789 3362 841 3426 Ne
870 3367 977 3427 tamen
1006 3386 1060 3428 rex
1086 3364 1124 3429 de
1146 3367 1189 3430 rei
1219 3366 1315 3451 hujus

316 3471 448 3535 veritate
473 3470 591 3534 inscius
616 3469 785 3549 dubitaret,
811 3470 894 3536 idem
909 3495 1011 3536 comes
1033 3473 1160 3557 plenum
1185 3477 1315 3541 chrici

315 3582 399 3666 regis
420 3589 560 3666 tempore
575 3605 607 3646 se
621 3587 755 3646 testatus
769 3588 818 3646 est
830 3581 945 3647 vidisse
959 3589 1151 3663 mercatum
1174 3591 1216 3665 et,
1232 3585 1314 3669 quod

317 3693 447 3758 ulterius
469 3700 527 3771 est,
543 3715 615 3757 cum
630 3692 731 3756 adhuc
745 3715 822 3776 puer
837 3698 927 3772 esset,
941 3699 975 3758 et
988 3695 1069 3779 apud
1086 3694 1314 3760 Abbendonam

319 3805 491 3870 nutriretur
526 3802 611 3887 regis
630 3801 784 3866 Willelmi
813 3808 962 3887 tempore.
1009 3804 1078 3868 Rex
1101 3812 1207 3870 autem
1231 3805 1315 3871 tanti

316 3915 376 3980 viri
391 3913 571 3981 testimonio
587 3911 768 3994 delectabis,
781 3914 850 3997 plus
865 3913 922 3978 soli
936 3938 1045 3979 verum
1058 3914 1176 3980 dicenti
1190 3917 1315 3981 creden·

317 4027 394 4091 dum
419 4026 560 4105 sentivit,
575 4045 669 4109 quam
684 4023 793 4088 multis
819 4048 874 4109 per
898 4025 1130 4091 contentionem
1152 4027 1315 4092 averitate

316 4137 574 4203 discordantibus.

364 4251 490 4315 Interea
515 4272 588 4334 rege
610 4249 692 4336 apud
716 4245 896 4331 Radingam
918 4247 1082 4330 existente,
1105 4257 1318 4316 convenerunt

320 4361 359 4425 ad
384 4384 456 4425 eum
482 4359 606 4444 praefati
633 4358 882 4439 calumniatores,
906 4359 1044 4425 dicentes
1074 4384 1106 4426 se
1135 4362 1203 4446 ejus
1226 4362 1317 4426 villas
