3298 5162
731 615 903 659 sensuum.

799 768 835 831 C.

567 888 772 945 DOOMSDAY
790 888 1070 958 mutuationes

479 992 688 1061 [Aneusssnor
706 995 868 1049 Lausnsuo
885 1013 910 1047 o.
930 993 1044 1049 Brauon
1061 993 1146 1062 Ono]

346 1092 406 1146 Hoc
424 1093 573 1148 manerium
588 1094 742 1164 [Estoches]
758 1094 810 1149 fuit
821 1099 849 1149 et
866 1098 907 1149 est
923 1094 955 1149 de
973 1095 1125 1164 episcopatu
1139 1092 1257 1155 Roiensi,
1270 1091 1317 1147 sed

311 1179 453 1235 Goduinus
465 1201 552 1237 comes
565 1186 684 1254 tempore
696 1183 767 1254 regis
781 1183 906 1238 Edwardi
918 1183 985 1238 emit
994 1182 1060 1237 illud
1070 1182 1103 1236 de
1115 1181 1218 1236 duobus
1231 1181 1315 1235 homi·

310 1267 390 1322 nibus
402 1267 448 1338 qui
461 1287 522 1324 eum
535 1269 661 1324 tenebant
672 1270 705 1324 de
720 1270 849 1342 episcopo,
868 1274 895 1325 et
911 1289 942 1324 eo
960 1270 1101 1340 ignorante
1119 1269 1189 1322 facta
1207 1268 1315 1323 esthan

310 1354 437 1409 venditio.
474 1355 650 1411 Postmodum
662 1377 724 1413 vcro
741 1363 870 1428 regnanto
883 1357 1018 1412 Willelmo
1036 1375 1106 1428 rege,
1119 1355 1317 1411 diratiocinavit

309 1441 376 1496 iilud
394 1443 559 1499 Lanfrancns
578 1444 789 1518 archiepiscopus
807 1450 899 1500 contra
918 1446 1090 1500 Baioceusem
1109 1444 1269 1515 episcopum,
1289 1449 1316 1500 et

309 1528 370 1584 inde
383 1534 423 1584 est
435 1531 512 1585 modo
525 1532 618 1586 saisita
630 1531 753 1587 Roisnds
766 1532 890 1587 aecclesia.
928 1535 942 1586 1
957 1533 1119 1603 Doomsday‚
1132 1535 1148 1587 5
1163 1532 1190 1586 b.

379 1695 493 1765 [Annon
511 1713 548 1751 os
567 1697 610 1751 Sa.
629 1697 803 1752 Aucusumn
822 1715 846 1749 o.
866 1697 931 1750 Tus
951 1697 1010 1752 Son
1030 1714 1067 1752 os
1086 1698 1243 1768 Arcanum]

345 1798 404 1852 Hoc
419 1799 564 1855 manerium
585 1799 792 1869 [Bedeiesmere]
811 1799 937 1854 reclamat
954 1799 1035 1854 abbas
1054 1801 1145 1855 Sancti
1157 1801 1313 1872 Augustini,

309 1885 371 1956 quia
384 1887 480 1940 habuit
492 1891 608 1957 tompore
621 1887 691 1958 regis
705 1886 829 1940 Edwardi
842 1891 869 1941 ot
879 1887 1002 1942 hundred
1016 1890 1179 1942 attestentur
1191 1888 1223 1941 ei.
1261 1888 1313 1942 Sed

310 1973 381 2027 filius
400 1973 518 2027 hominis
539 1973 675 2042 [ansfrid]
696 1973 761 2028 dicit
780 1979 882 2044 patrem
903 1992 980 2027 suum
1003 1993 1030 2028 se
1049 1993 1125 2045 posse
1144 1979 1244 2028 vertere
1268 1975 1312 2029 ubi

309 2060 430 2124 voluerit,
444 2065 471 2115 et
482 2061 531 2115 hoo
544 2079 596 2115 non
609 2065 732 2115 arinuunt
745 2060 866 2116 monachi
881 2061 985 2130 [Sancti
998 2061 1167 2132 Augustini]¹
1205 2061 1246 2116 Ib.
1261 2064 1304 2115 10.

437 2241 549 2311 [Aeson
568 2258 604 2296 os
623 2243 667 2296 Sr.
686 2243 791 2297 Perna.
828 2242 940 2297 Marsos
959 2259 996 2297 or
1014 2241 1195 2310 Tarvenna]

344 2344 404 2399 Hoc
416 2345 564 2399 manerium
579 2346 734 2415 [Treverde]
748 2345 945 2417 calumpniatur
957 2346 1037 2401 abbas
1051 2346 1141 2400 Sancti
1156 2344 1228 2398 Petri
1239 2343 1313 2398 Win-

309 2432 445 2486 toniensis.
482 2432 606 2487 Testatur
624 2433 744 2487 hundred
763 2434 832 2505 quod
845 2439 963 2504 tempore
980 2433 1052 2504 regis
1069 2432 1192 2487 Edwardi
1206 2432 1314 2486 tenebat

310 2538 370 2574 eum
383 2519 415 2573 ds
428 2518 520 2574 abbate
533 2520 579 2590 qui
592 2519 699 2575 tenebam
711 2520 897 2576 tantummodo
909 2527 1025 2592 tempore
1039 2521 1101 2576 vitae
1115 2539 1177 2575 suae.
1204 2521 1243 2575 Ib.
1257 2521 1300 2575 23.

611 2705 723 2774 [hauns
743 2719 779 2758 on
798 2703 912 2758 Brsuoe
929 2703 1014 2772 Ono]

346 2817 496 2871 Rnnnulfus
514 2817 656 2872 vicecomes
675 2821 749 2872 tenet
761 2817 785 2871 I.
801 2816 906 2888 hagam,
923 2836 1004 2889 quam
1022 2817 1157 2888 hucusque
1175 2815 1264 2871 tenuit
1281 2815 1313 2870 de

309 2905 430 2977 episcopo
449 2905 594 2960 Baiocensi.
632 2905 764 2960 Homines
782 2924 845 2960 vero
863 2906 1041 2960 testificentur
1059 2905 1122 2976 quia
1140 2923 1193 2958 non
1211 2903 1314 2975 adjacet

309 2994 387 3050 alicui
407 2995 532 3059 manerio,
551 2994 597 3050 sed
616 2995 663 3065 qui
682 2995 788 3048 tenebat
807 3013 863 3049 ean]
883 2999 1001 3066 tempore
1020 2994 1090 3066 regis
1109 2993 1234 3048 Edwardi
1252 3011 1312 3047 con-

309 3084 387 3136 cessit
399 3102 457 3136 eam
469 3083 537 3138 Toui
550 3083 690 3154 praeposito
704 3082 781 3146 villu,
797 3101 843 3153 pro
862 3082 1046 3137 emendatione
1064 3081 1144 3135 unius
1162 3100 1218 3136 suae
1236 3079 1313 3134 foris·

309 3170 426 3226 iactrrrae.

346 3257 441 3311 Altera
459 3257 552 3311 domus
570 3261 611 3311 est
629 3276 709 3327 quam
728 3261 802 3310 tenet
814 3256 971 3327 praepositus
990 3255 1103 3328 episcopi
1117 3255 1269 3309 Baiocensis
1282 3254 1314 3309 do

309 3344 427 3397 manerio
440 3343 555 3398 Bronlei.
594 3344 634 3397 De
653 3344 701 3397 hoo
719 3343 811 3398 dicunt
828 3343 948 3397 homines
967 3344 999 3398 de
1017 3342 1152 3406 comitatu,
1171 3342 1240 3412 quod
1259 3360 1313 3395 rron

309 3428 389 3483 habet
402 3428 439 3483 ibi
451 3429 530 3483 aliam
544 3429 738 3493 rectitudinem,
752 3428 803 3482 nisi
817 3428 886 3498 quod
899 3428 1032 3499 quandam
1047 3427 1154 3482 viduam
1166 3427 1242 3498 cnjus
1257 3432 1314 3482 erat

309 3514 403 3568 domus
425 3516 524 3587 accepit
545 3514 702 3586 praepositus
725 3515 802 3577 villae,
825 3519 852 3568 et
871 3515 930 3569 ideo
952 3514 1025 3569 misit
1046 3513 1184 3584 episcopus
1204 3513 1313 3568 domum

308 3601 382 3655 illam
401 3601 429 3656 in
448 3621 495 3655 suo
509 3602 633 3666 manerio,
646 3606 673 3656 et
685 3601 821 3672 hucusque
835 3601 950 3672 perdidit
962 3619 1007 3656 rex
1020 3599 1231 3665 consuetudines,
1244 3600 1312 3670 epis·

308 3707 387 3760 copus
400 3693 489 3742 autem
503 3687 590 3743 habet.

345 3775 445 3828 Dicunt
457 3775 537 3830 etiam
551 3775 670 3829 homines
689 3775 734 3846 qui
744 3775 904 3845 juraverunt
915 3774 949 3828 de
966 3773 1017 3828 alia
1035 3773 1113 3829 domo
1125 3791 1184 3844 ques
1198 3772 1271 3843 jacet
1283 3773 1311 3828 in

309 3860 427 3924 Brunlei‚
440 3867 546 3932 propter
558 3860 607 3916 hoo
620 3865 725 3916 tantum
739 3861 808 3932 quod
820 3861 979 3932 praepositus
991 3860 1023 3914 de
1035 3860 1093 3932 ipsa
1105 3859 1169 3914 viiia
1180 3859 1234 3914 fuit
1245 3860 1311 3913 ami·

307 3966 353 4002 cus
373 3949 488 4002 hominis
503 3948 574 4002 illius
587 3949 632 4020 qui
646 3949 714 4003 hano
726 3949 835 4004 domum
849 3947 970 4012 habebat,
983 3953 1010 4003 et
1021 3966 1052 4003 eo
1064 3953 1168 4002 mortuo
1181 3947 1312 4002 convertit

308 4035 412 4090 eumad
425 4035 581 4090 manerium.
618 4034 716 4090 1b.30.

306 4135 352 4203 *¹
369 4137 438 4225 Here
451 4190 495 4226 are
513 4172 594 4244 given
613 4172 649 4227 all
665 4173 711 4227 the
729 4177 784 4227 rest
802 4172 832 4226 of
851 4170 897 4226 the
910 4190 982 4226 cases
1000 4171 1031 4226 of
1045 4169 1200 4240 Doomsday
1213 4171 1244 4224 of
1258 4189 1311 4243 any

308 4259 377 4326 legul
392 4260 476 4324 value,
491 4267 536 4313 not
555 4260 635 4330 given
649 4260 675 4314 in
689 4261 735 4316 the
748 4265 815 4324 text,
828 4265 901 4322 ante,
920 4279 963 4330 pp.
983 4259 1097 4316 37-61.
1134 4256 1192 4312 The
1209 4257 1270 4313 date
1289 4259 1311 4314 is

308 4365 380 4398 ursino
396 4347 555 4401 lom-loeo.
