<?xml version="1.0" encoding="UTF-8"?>
<!DOCTYPE html PUBLIC "-//W3C//DTD XHTML 1.0 Transitional//EN"
    "http://www.w3.org/TR/xhtml1/DTD/xhtml1-transitional.dtd">
<html xmlns="http://www.w3.org/1999/xhtml" xml:lang="en" lang="en">
 <head>
  <title>
</title>
<meta http-equiv="Content-Type" content="text/html;charset=utf-8" />
  <meta name='ocr-system' content='tesseract 3.04.00' />
  <meta name='ocr-capabilities' content='ocr_page ocr_carea ocr_par ocr_line ocrx_word'/>
</head>
<body>
  <div class='ocr_page' id='page_1' title='image "./placitaanglonor01bigegoog_0200.png"; bbox 0 0 3286 5142; ppageno 0'>
   <div class='ocr_carea' id='block_1_1' title="bbox 748 610 1314 720">
    <p class='ocr_par' dir='ltr' id='par_1_1' title="bbox 748 610 1314 720">
     <span class='ocr_line' id='line_1_1' title="bbox 748 610 1314 720; baseline -0.007 0"><span class='ocrx_word' id='word_1_1' title='bbox 748 676 856 720; x_wconf 76' lang='lat' dir='ltr'><strong>acuar</strong></span> <span class='ocrx_word' id='word_1_2' title='bbox 880 676 902 718; x_wconf 93' lang='lat'><strong>1.</strong></span> <span class='ocrx_word' id='word_1_3' title='bbox 1032 610 1038 622; x_wconf 87' lang='lat'><strong>·</strong></span> <span class='ocrx_word' id='word_1_4' title='bbox 1253 635 1314 717; x_wconf 83' lang='grc'><strong>133</strong></span> 
     </span>
    </p>
   </div>
   <div class='ocr_carea' id='block_1_2' title="bbox 378 823 1315 972">
    <p class='ocr_par' dir='ltr' id='par_1_2' title="bbox 378 823 1315 972">
     <span class='ocr_line' id='line_1_2' title="bbox 378 823 1315 892; baseline -0.005 -14"><span class='ocrx_word' id='word_1_5' title='bbox 378 831 411 878; x_wconf 89' lang='lat' dir='ltr'><strong>he</strong></span> <span class='ocrx_word' id='word_1_6' title='bbox 422 829 474 878; x_wconf 84' lang='lat' dir='ltr'><strong>had</strong></span> <span class='ocrx_word' id='word_1_7' title='bbox 493 830 559 878; x_wconf 85' lang='lat' dir='ltr'><strong>been</strong></span> <span class='ocrx_word' id='word_1_8' title='bbox 571 828 698 879; x_wconf 86' lang='lat' dir='ltr'><strong>disseised</strong></span> <span class='ocrx_word' id='word_1_9' title='bbox 711 829 745 892; x_wconf 85' lang='lat' dir='ltr'><strong>by</strong></span> <span class='ocrx_word' id='word_1_10' title='bbox 753 828 892 892; x_wconf 81' lang='lat' dir='ltr'><strong>judgmcnt</strong></span> <span class='ocrx_word' id='word_1_11' title='bbox 904 827 932 877; x_wconf 81' lang='lat' dir='ltr'><strong>ot</strong></span> <span class='ocrx_word' id='word_1_12' title='bbox 943 829 1033 886; x_wconf 87' lang='lat' dir='ltr'><strong>court;</strong></span> <span class='ocrx_word' id='word_1_13' title='bbox 1052 825 1098 874; x_wconf 83' lang='lat' dir='ltr'><strong>the</strong></span> <span class='ocrx_word' id='word_1_14' title='bbox 1109 841 1169 876; x_wconf 86' lang='lat' dir='ltr'><strong>csse</strong></span> <span class='ocrx_word' id='word_1_15' title='bbox 1181 824 1260 888; x_wconf 79' lang='lat' dir='ltr'><strong>being</strong></span> <span class='ocrx_word' id='word_1_16' title='bbox 1270 823 1315 874; x_wconf 84' lang='lat' dir='ltr'><strong>de-</strong></span> 
     </span>
     <span class='ocr_line' id='line_1_3' title="bbox 378 904 992 972; baseline -0.002 -15"><span class='ocrx_word' id='word_1_17' title='bbox 378 909 452 957; x_wconf 86' lang='lat' dir='ltr'><strong>oided</strong></span> <span class='ocrx_word' id='word_1_18' title='bbox 462 909 497 972; x_wconf 85' lang='lat' dir='ltr'><strong>by</strong></span> <span class='ocrx_word' id='word_1_19' title='bbox 508 909 553 957; x_wconf 85' lang='lat' dir='ltr'><strong>tho</strong></span> <span class='ocrx_word' id='word_1_20' title='bbox 564 908 650 972; x_wconf 78' lang='lat' dir='ltr'><strong>king&#39;s</strong></span> <span class='ocrx_word' id='word_1_21' title='bbox 663 908 799 971; x_wconf 75' lang='lat' dir='ltr'><strong>justiciam</strong></span> <span class='ocrx_word' id='word_1_22' title='bbox 810 906 861 956; x_wconf 84' lang='lat' dir='ltr'><strong>and</strong></span> <span class='ocrx_word' id='word_1_23' title='bbox 874 904 992 970; x_wconf 77' lang='lat' dir='ltr'><strong>borona]</strong></span> 
     </span>
    </p>
   </div>
   <div class='ocr_carea' id='block_1_3' title="bbox 301 1018 1314 3875">
    <p class='ocr_par' dir='ltr' id='par_1_3' title="bbox 301 1018 1314 3875">
     <span class='ocr_line' id='line_1_4' title="bbox 314 1018 1314 1108; baseline -0.003 -22"><span class='ocrx_word' id='word_1_24' title='bbox 314 1023 355 1086; x_wconf 82' lang='lat' dir='ltr'><strong>In</strong></span> <span class='ocrx_word' id='word_1_25' title='bbox 378 1022 488 1086; x_wconf 87' lang='lat' dir='ltr'><strong>diebus</strong></span> <span class='ocrx_word' id='word_1_26' title='bbox 512 1022 610 1106; x_wconf 86' lang='lat' dir='ltr'><strong>hujus</strong></span> <span class='ocrx_word' id='word_1_27' title='bbox 641 1023 751 1107; x_wconf 83' lang='lat' dir='ltr'><strong>patris¹</strong></span> <span class='ocrx_word' id='word_1_28' title='bbox 776 1022 904 1108; x_wconf 86' lang='lat' dir='ltr'><strong>quidam</strong></span> <span class='ocrx_word' id='word_1_29' title='bbox 934 1021 1069 1106; x_wconf 84' lang='lat' dir='ltr'><strong>maligni</strong></span> <span class='ocrx_word' id='word_1_30' title='bbox 1092 1020 1244 1085; x_wconf 84' lang='lat' dir='ltr'><strong>abeuntes</strong></span> <span class='ocrx_word' id='word_1_31' title='bbox 1274 1018 1314 1083; x_wconf 87' lang='lat' dir='ltr'><strong>ad</strong></span> 
     </span>
     <span class='ocr_line' id='line_1_5' title="bbox 313 1128 1313 1218; baseline -0.004 -22"><span class='ocrx_word' id='word_1_32' title='bbox 313 1155 418 1218; x_wconf 84' lang='lat' dir='ltr'><strong>regem</strong></span> <span class='ocrx_word' id='word_1_33' title='bbox 439 1132 594 1196; x_wconf 85' lang='lat' dir='ltr'><strong>adulando</strong></span> <span class='ocrx_word' id='word_1_34' title='bbox 621 1139 788 1196; x_wconf 88' lang='lat' dir='ltr'><strong>suaserunt</strong></span> <span class='ocrx_word' id='word_1_35' title='bbox 811 1131 839 1196; x_wconf 90' lang='lat' dir='ltr'><strong>ei</strong></span> <span class='ocrx_word' id='word_1_36' title='bbox 865 1137 903 1196; x_wconf 94' lang='lat' dir='ltr'><strong>ut</strong></span> <span class='ocrx_word' id='word_1_37' title='bbox 925 1131 1123 1196; x_wconf 85' lang='lat' dir='ltr'><strong>hundredum</strong></span> <span class='ocrx_word' id='word_1_38' title='bbox 1139 1129 1178 1195; x_wconf 90' lang='lat' dir='ltr'><strong>de</strong></span> <span class='ocrx_word' id='word_1_39' title='bbox 1194 1128 1313 1194; x_wconf 89' lang='lat' dir='ltr'><strong>Horni-</strong></span> 
     </span>
     <span class='ocr_line' id='line_1_6' title="bbox 313 1241 1312 1327; baseline -0.005 -19"><span class='ocrx_word' id='word_1_40' title='bbox 313 1266 396 1309; x_wconf 89' lang='lat' dir='ltr'><strong>mere</strong></span> <span class='ocrx_word' id='word_1_41' title='bbox 410 1244 484 1308; x_wconf 91' lang='lat' dir='ltr'><strong>huic</strong></span> <span class='ocrx_word' id='word_1_42' title='bbox 508 1244 642 1308; x_wconf 69' lang='lat' dir='ltr'><strong>ecclesia</strong></span> <span class='ocrx_word' id='word_1_43' title='bbox 662 1243 827 1327; x_wconf 87' lang='lat' dir='ltr'><strong>abriperet,</strong></span> <span class='ocrx_word' id='word_1_44' title='bbox 844 1243 937 1307; x_wconf 90' lang='lat' dir='ltr'><strong>simul</strong></span> <span class='ocrx_word' id='word_1_45' title='bbox 962 1249 995 1307; x_wconf 87' lang='lat' dir='ltr'><strong>et</strong></span> <span class='ocrx_word' id='word_1_46' title='bbox 1019 1248 1192 1308; x_wconf 88' lang='lat' dir='ltr'><strong>mercatum</strong></span> <span class='ocrx_word' id='word_1_47' title='bbox 1217 1241 1312 1324; x_wconf 92' lang='lat' dir='ltr'><strong>hujus</strong></span> 
     </span>
     <span class='ocr_line' id='line_1_7' title="bbox 311 1350 1310 1436; baseline -0.002 -19"><span class='ocrx_word' id='word_1_48' title='bbox 311 1354 394 1418; x_wconf 80' lang='lat' dir='ltr'><strong>villae</strong></span> <span class='ocrx_word' id='word_1_49' title='bbox 431 1354 630 1418; x_wconf 74' lang='lat' dir='ltr'><strong>interdiceret</strong></span> <span class='ocrx_word' id='word_1_50' title='bbox 641 1380 651 1432; x_wconf 80' lang='lat'>3</span> <span class='ocrx_word' id='word_1_51' title='bbox 689 1355 883 1418; x_wconf 87' lang='lat' dir='ltr'><strong>affirmantes</strong></span> <span class='ocrx_word' id='word_1_52' title='bbox 920 1353 985 1417; x_wconf 88' lang='lat' dir='ltr'><strong>suis</strong></span> <span class='ocrx_word' id='word_1_53' title='bbox 1022 1351 1193 1417; x_wconf 79' lang='lat' dir='ltr'><strong>mendaciis</strong></span> <span class='ocrx_word' id='word_1_54' title='bbox 1229 1350 1310 1436; x_wconf 91' lang='lat' dir='ltr'><strong>quod</strong></span> 
     </span>
     <span class='ocr_line' id='line_1_8' title="bbox 311 1461 1311 1551; baseline -0.004 -23"><span class='ocrx_word' id='word_1_55' title='bbox 311 1487 473 1551; x_wconf 89' lang='lat' dir='ltr'><strong>nunquam</strong></span> <span class='ocrx_word' id='word_1_56' title='bbox 497 1464 594 1529; x_wconf 89' lang='lat' dir='ltr'><strong>abbas</strong></span> <span class='ocrx_word' id='word_1_57' title='bbox 617 1465 714 1548; x_wconf 88' lang='lat' dir='ltr'><strong>hujus</strong></span> <span class='ocrx_word' id='word_1_58' title='bbox 743 1465 801 1529; x_wconf 91' lang='lat' dir='ltr'><strong>loci</strong></span> <span class='ocrx_word' id='word_1_59' title='bbox 833 1465 865 1528; x_wconf 92' lang='lat' dir='ltr'><strong>in</strong></span> <span class='ocrx_word' id='word_1_60' title='bbox 896 1464 1020 1548; x_wconf 87' lang='lat' dir='ltr'><strong>propria</strong></span> <span class='ocrx_word' id='word_1_61' title='bbox 1049 1467 1205 1547; x_wconf 71' lang='lat' dir='ltr'><strong>potestate</strong></span> <span class='ocrx_word' id='word_1_62' title='bbox 1230 1461 1311 1525; x_wconf 92' lang='lat' dir='ltr'><strong>illud</strong></span> 
     </span>
     <span class='ocr_line' id='line_1_9' title="bbox 311 1571 1309 1660; baseline -0.004 -21"><span class='ocrx_word' id='word_1_63' title='bbox 311 1575 464 1654; x_wconf 86' lang='lat' dir='ltr'><strong>babuerit,</strong></span> <span class='ocrx_word' id='word_1_64' title='bbox 481 1577 530 1640; x_wconf 86' lang='lat' dir='ltr'><strong>vel</strong></span> <span class='ocrx_word' id='word_1_65' title='bbox 554 1582 725 1640; x_wconf 90' lang='lat' dir='ltr'><strong>mercatum</strong></span> <span class='ocrx_word' id='word_1_66' title='bbox 741 1575 918 1660; x_wconf 88' lang='lat' dir='ltr'><strong>antiquitus</strong></span> <span class='ocrx_word' id='word_1_67' title='bbox 933 1575 966 1638; x_wconf 94' lang='lat' dir='ltr'><strong>in</strong></span> <span class='ocrx_word' id='word_1_68' title='bbox 988 1576 1047 1638; x_wconf 88' lang='lat' dir='ltr'><strong>hac</strong></span> <span class='ocrx_word' id='word_1_69' title='bbox 1069 1573 1143 1638; x_wconf 86' lang='lat' dir='ltr'><strong>villa</strong></span> <span class='ocrx_word' id='word_1_70' title='bbox 1157 1571 1309 1637; x_wconf 85' lang='lat' dir='ltr'><strong>extiterit.</strong></span> 
     </span>
     <span class='ocr_line' id='line_1_10' title="bbox 312 1683 1310 1770; baseline -0.005 -18"><span class='ocrx_word' id='word_1_71' title='bbox 312 1687 455 1752; x_wconf 80' lang='lat' dir='ltr'><strong>Quorum</strong></span> <span class='ocrx_word' id='word_1_72' title='bbox 477 1687 708 1751; x_wconf 79' lang='lat' dir='ltr'><strong>adulationibus</strong></span> <span class='ocrx_word' id='word_1_73' title='bbox 730 1709 782 1750; x_wconf 87' lang='lat' dir='ltr'><strong>rex</strong></span> <span class='ocrx_word' id='word_1_74' title='bbox 806 1693 991 1763; x_wconf 90' lang='lat' dir='ltr'><strong>commotus,</strong></span> <span class='ocrx_word' id='word_1_75' title='bbox 1007 1684 1195 1770; x_wconf 89' lang='lat' dir='ltr'><strong>quibusdam</strong></span> <span class='ocrx_word' id='word_1_76' title='bbox 1215 1683 1310 1768; x_wconf 85' lang='lat' dir='ltr'><strong>justi·</strong></span> 
     </span>
     <span class='ocr_line' id='line_1_11' title="bbox 309 1796 1309 1882; baseline -0.003 -21"><span class='ocrx_word' id='word_1_77' title='bbox 309 1798 445 1862; x_wconf 89' lang='lat' dir='ltr'><strong>cioribus</strong></span> <span class='ocrx_word' id='word_1_78' title='bbox 469 1799 533 1861; x_wconf 88' lang='lat' dir='ltr'><strong>suis</strong></span> <span class='ocrx_word' id='word_1_79' title='bbox 558 1798 705 1882; x_wconf 80' lang='lat' dir='ltr'><strong>praeccpit</strong></span> <span class='ocrx_word' id='word_1_80' title='bbox 728 1798 933 1882; x_wconf 86' lang='lat' dir='ltr'><strong>quaestionem</strong></span> <span class='ocrx_word' id='word_1_81' title='bbox 962 1796 1036 1861; x_wconf 91' lang='lat' dir='ltr'><strong>inde</strong></span> <span class='ocrx_word' id='word_1_82' title='bbox 1065 1819 1197 1861; x_wconf 87' lang='lat' dir='ltr'><strong>movere.</strong></span> <span class='ocrx_word' id='word_1_83' title='bbox 1244 1796 1309 1862; x_wconf 79' lang='lat' dir='ltr'><strong>Qui</strong></span> 
     </span>
     <span class='ocr_line' id='line_1_12' title="bbox 309 1906 1307 1992; baseline 0 -22"><span class='ocrx_word' id='word_1_84' title='bbox 309 1907 492 1992; x_wconf 90' lang='lat' dir='ltr'><strong>priusquam</strong></span> <span class='ocrx_word' id='word_1_85' title='bbox 516 1930 581 1971; x_wconf 90' lang='lat' dir='ltr'><strong>rem</strong></span> <span class='ocrx_word' id='word_1_86' title='bbox 606 1907 688 1971; x_wconf 87' lang='lat' dir='ltr'><strong>sicut</strong></span> <span class='ocrx_word' id='word_1_87' title='bbox 711 1912 778 1971; x_wconf 86' lang='lat' dir='ltr'><strong>erat</strong></span> <span class='ocrx_word' id='word_1_88' title='bbox 803 1907 1001 1992; x_wconf 84' lang='lat' dir='ltr'><strong>indagarent,</strong></span> <span class='ocrx_word' id='word_1_89' title='bbox 1024 1913 1125 1971; x_wconf 89' lang='lat' dir='ltr'><strong>totam</strong></span> <span class='ocrx_word' id='word_1_90' title='bbox 1148 1906 1307 1971; x_wconf 81' lang='lat' dir='ltr'><strong>abbatiam</strong></span> 
     </span>
     <span class='ocr_line' id='line_1_13' title="bbox 309 2016 1307 2102; baseline 0.001 -23"><span class='ocrx_word' id='word_1_91' title='bbox 309 2017 342 2079; x_wconf 92' lang='lat' dir='ltr'><strong>in</strong></span> <span class='ocrx_word' id='word_1_92' title='bbox 367 2016 562 2080; x_wconf 81' lang='lat' dir='ltr'><strong>forisfactum</strong></span> <span class='ocrx_word' id='word_1_93' title='bbox 586 2017 670 2101; x_wconf 83' lang='lat' dir='ltr'><strong>regis</strong></span> <span class='ocrx_word' id='word_1_94' title='bbox 693 2024 873 2102; x_wconf 87' lang='lat' dir='ltr'><strong>posuerunt.</strong></span> <span class='ocrx_word' id='word_1_95' title='bbox 911 2018 1005 2084; x_wconf 81' lang='lat' dir='ltr'><strong>Quod</strong></span> <span class='ocrx_word' id='word_1_96' title='bbox 1027 2039 1156 2082; x_wconf 87' lang='lat' dir='ltr'><strong>cernens</strong></span> <span class='ocrx_word' id='word_1_97' title='bbox 1170 2017 1219 2081; x_wconf 87' lang='lat' dir='ltr'><strong>vir</strong></span> <span class='ocrx_word' id='word_1_98' title='bbox 1233 2039 1307 2100; x_wconf 87' lang='lat' dir='ltr'><strong>pru-</strong></span> 
     </span>
     <span class='ocr_line' id='line_1_14' title="bbox 308 2126 1305 2214; baseline 0.005 -25"><span class='ocrx_word' id='word_1_99' title='bbox 308 2126 521 2206; x_wconf 87' lang='lat' dir='ltr'><strong>dentissimus,</strong></span> <span class='ocrx_word' id='word_1_100' title='bbox 537 2133 605 2192; x_wconf 87' lang='lat' dir='ltr'><strong>tam</strong></span> <span class='ocrx_word' id='word_1_101' title='bbox 624 2151 712 2192; x_wconf 83' lang='lat' dir='ltr'><strong>saevae</strong></span> <span class='ocrx_word' id='word_1_102' title='bbox 735 2129 918 2213; x_wconf 83' lang='lat' dir='ltr'><strong>tempestati</strong></span> <span class='ocrx_word' id='word_1_103' title='bbox 941 2153 973 2193; x_wconf 84' lang='lat' dir='ltr'><strong>se</strong></span> <span class='ocrx_word' id='word_1_104' title='bbox 988 2128 1122 2194; x_wconf 86' lang='lat' dir='ltr'><strong>viriliter</strong></span> <span class='ocrx_word' id='word_1_105' title='bbox 1144 2128 1305 2214; x_wconf 85' lang='lat' dir='ltr'><strong>objiciens,</strong></span> 
     </span>
     <span class='ocr_line' id='line_1_15' title="bbox 308 2223 1307 2326; baseline 0.003 -25"><span class='ocrx_word' id='word_1_106' title='bbox 308 2260 415 2323; x_wconf 80' lang='lat' dir='ltr'><strong>regem</strong></span> <span class='ocrx_word' id='word_1_107' title='bbox 439 2237 527 2317; x_wconf 85' lang='lat' dir='ltr'><strong>adiit,</strong></span> <span class='ocrx_word' id='word_1_108' title='bbox 543 2223 746 2324; x_wconf 71' lang='lat' dir='ltr'><strong>priuilegium</strong></span> <span class='ocrx_word' id='word_1_109' title='bbox 771 2239 855 2326; x_wconf 83' lang='lat' dir='ltr'><strong>regis</strong></span> <span class='ocrx_word' id='word_1_110' title='bbox 870 2239 1049 2303; x_wconf 86' lang='lat' dir='ltr'><strong>Eaduuardi</strong></span> <span class='ocrx_word' id='word_1_111' title='bbox 1065 2239 1205 2324; x_wconf 88' lang='lat' dir='ltr'><strong>protulit,</strong></span> <span class='ocrx_word' id='word_1_112' title='bbox 1221 2245 1254 2304; x_wconf 87' lang='lat' dir='ltr'><strong>ct</strong></span> <span class='ocrx_word' id='word_1_113' title='bbox 1270 2246 1307 2304; x_wconf 89' lang='lat' dir='ltr'><strong>ut</strong></span> 
     </span>
     <span class='ocr_line' id='line_1_16' title="bbox 309 2348 1306 2434; baseline 0.002 -22"><span class='ocrx_word' id='word_1_114' title='bbox 309 2348 431 2412; x_wconf 88' lang='lat' dir='ltr'><strong>cunctis</strong></span> <span class='ocrx_word' id='word_1_115' title='bbox 454 2349 611 2432; x_wconf 85' lang='lat' dir='ltr'><strong>legeretur</strong></span> <span class='ocrx_word' id='word_1_116' title='bbox 636 2349 770 2434; x_wconf 81' lang='lat' dir='ltr'><strong>rogavit.</strong></span> <span class='ocrx_word' id='word_1_117' title='bbox 817 2349 910 2415; x_wconf 81' lang='lat' dir='ltr'><strong>Quod</strong></span> <span class='ocrx_word' id='word_1_118' title='bbox 943 2371 1026 2429; x_wconf 91' lang='lat' dir='ltr'><strong>cum,</strong></span> <span class='ocrx_word' id='word_1_119' title='bbox 1056 2371 1130 2434; x_wconf 82' lang='lat' dir='ltr'><strong>rege</strong></span> <span class='ocrx_word' id='word_1_120' title='bbox 1164 2349 1306 2434; x_wconf 87' lang='lat' dir='ltr'><strong>jubente,</strong></span> 
     </span>
     <span class='ocr_line' id='line_1_17' title="bbox 308 2459 1303 2552; baseline 0.002 -30"><span class='ocrx_word' id='word_1_121' title='bbox 308 2459 451 2544; x_wconf 84' lang='lat' dir='ltr'><strong>Rogerus</strong></span> <span class='ocrx_word' id='word_1_122' title='bbox 469 2459 707 2524; x_wconf 88' lang='lat' dir='ltr'><strong>Salesberiensis</strong></span> <span class='ocrx_word' id='word_1_123' title='bbox 721 2460 884 2544; x_wconf 89' lang='lat' dir='ltr'><strong>episcopus</strong></span> <span class='ocrx_word' id='word_1_124' title='bbox 900 2459 1070 2538; x_wconf 83' lang='lat' dir='ltr'><strong>recitasset,</strong></span> <span class='ocrx_word' id='word_1_125' title='bbox 1085 2461 1181 2552; x_wconf 72' lang='lat' dir='ltr'><strong>coepit</strong></span> <span class='ocrx_word' id='word_1_126' title='bbox 1196 2483 1249 2526; x_wconf 84' lang='lat' dir='ltr'><strong>rex</strong></span> <span class='ocrx_word' id='word_1_127' title='bbox 1265 2461 1303 2525; x_wconf 88' lang='lat' dir='ltr'><strong>ub</strong></span> 
     </span>
     <span class='ocr_line' id='line_1_18' title="bbox 307 2569 1303 2655; baseline 0.003 -22"><span class='ocrx_word' id='word_1_128' title='bbox 307 2569 527 2654; x_wconf 87' lang='lat' dir='ltr'><strong>indignatione</strong></span> <span class='ocrx_word' id='word_1_129' title='bbox 541 2571 683 2634; x_wconf 75' lang='lat' dir='ltr'><strong>animiam</strong></span> <span class='ocrx_word' id='word_1_130' title='bbox 706 2593 858 2651; x_wconf 86' lang='lat' dir='ltr'><strong>revocare,</strong></span> <span class='ocrx_word' id='word_1_131' title='bbox 873 2571 976 2634; x_wconf 88' lang='lat' dir='ltr'><strong>lenius</strong></span> <span class='ocrx_word' id='word_1_132' title='bbox 991 2593 1062 2635; x_wconf 92' lang='lat' dir='ltr'><strong>cum</strong></span> <span class='ocrx_word' id='word_1_133' title='bbox 1079 2570 1185 2635; x_wconf 85' lang='lat' dir='ltr'><strong>abbati</strong></span> <span class='ocrx_word' id='word_1_134' title='bbox 1207 2571 1303 2655; x_wconf 92' lang='lat' dir='ltr'><strong>loqui.</strong></span> 
     </span>
     <span class='ocr_line' id='line_1_19' title="bbox 306 2681 1305 2746; baseline 0.002 -2"><span class='ocrx_word' id='word_1_135' title='bbox 306 2682 352 2744; x_wconf 84' lang='lat' dir='ltr'><strong>At</strong></span> <span class='ocrx_word' id='word_1_136' title='bbox 388 2681 441 2746; x_wconf 90' lang='lat' dir='ltr'><strong>ille</strong></span> <span class='ocrx_word' id='word_1_137' title='bbox 475 2683 579 2746; x_wconf 81' lang='lat' dir='ltr'><strong>lavore</strong></span> <span class='ocrx_word' id='word_1_138' title='bbox 613 2682 765 2746; x_wconf 88' lang='lat' dir='ltr'><strong>baronum</strong></span> <span class='ocrx_word' id='word_1_139' title='bbox 801 2681 918 2746; x_wconf 90' lang='lat' dir='ltr'><strong>circum</strong></span> <span class='ocrx_word' id='word_1_140' title='bbox 955 2682 1169 2746; x_wconf 86' lang='lat' dir='ltr'><strong>assistentium</strong></span> <span class='ocrx_word' id='word_1_141' title='bbox 1207 2681 1305 2746; x_wconf 88' lang='lat' dir='ltr'><strong>fultus</strong></span> 
     </span>
     <span class='ocr_line' id='line_1_20' title="bbox 311 2791 1304 2880; baseline 0.003 -25"><span class='ocrx_word' id='word_1_142' title='bbox 311 2791 514 2878; x_wconf 79' lang='lat' dir='ltr'><strong>(diligebatur</strong></span> <span class='ocrx_word' id='word_1_143' title='bbox 530 2792 613 2880; x_wconf 81' lang='lat' dir='ltr'><strong>enim</strong></span> <span class='ocrx_word' id='word_1_144' title='bbox 630 2792 669 2855; x_wconf 92' lang='lat' dir='ltr'><strong>ab</strong></span> <span class='ocrx_word' id='word_1_145' title='bbox 681 2792 838 2872; x_wconf 87' lang='lat' dir='ltr'><strong>omnibus,</strong></span> <span class='ocrx_word' id='word_1_146' title='bbox 848 2814 884 2856; x_wconf 90' lang='lat' dir='ltr'><strong>co</strong></span> <span class='ocrx_word' id='word_1_147' title='bbox 899 2792 981 2877; x_wconf 93' lang='lat' dir='ltr'><strong>quod</strong></span> <span class='ocrx_word' id='word_1_148' title='bbox 997 2799 1078 2857; x_wconf 88' lang='lat' dir='ltr'><strong>esset</strong></span> <span class='ocrx_word' id='word_1_149' title='bbox 1090 2792 1257 2857; x_wconf 85' lang='lat' dir='ltr'><strong>munificus</strong></span> <span class='ocrx_word' id='word_1_150' title='bbox 1271 2801 1304 2858; x_wconf 92' lang='lat' dir='ltr'><strong>et</strong></span> 
     </span>
     <span class='ocr_line' id='line_1_21' title="bbox 304 2902 1304 2988; baseline 0.002 -22"><span class='ocrx_word' id='word_1_151' title='bbox 304 2902 438 2987; x_wconf 85' lang='lat' dir='ltr'><strong>largus),</strong></span> <span class='ocrx_word' id='word_1_152' title='bbox 454 2902 634 2987; x_wconf 83' lang='lat' dir='ltr'><strong>postulabat</strong></span> <span class='ocrx_word' id='word_1_153' title='bbox 648 2925 752 2986; x_wconf 85' lang='lat' dir='ltr'><strong>regem</strong></span> <span class='ocrx_word' id='word_1_154' title='bbox 769 2909 807 2966; x_wconf 89' lang='lat' dir='ltr'><strong>ut</strong></span> <span class='ocrx_word' id='word_1_155' title='bbox 828 2902 905 2966; x_wconf 93' lang='lat' dir='ltr'><strong>illud</strong></span> <span class='ocrx_word' id='word_1_156' title='bbox 929 2925 984 2968; x_wconf 91' lang='lat' dir='ltr'><strong>suo</strong></span> <span class='ocrx_word' id='word_1_157' title='bbox 1006 2902 1171 2988; x_wconf 84' lang='lat' dir='ltr'><strong>privilegio</strong></span> <span class='ocrx_word' id='word_1_158' title='bbox 1187 2910 1218 2968; x_wconf 88' lang='lat' dir='ltr'><strong>et</strong></span> <span class='ocrx_word' id='word_1_159' title='bbox 1239 2903 1304 2988; x_wconf 87' lang='lat' dir='ltr'><strong>ipsc</strong></span> 
     </span>
     <span class='ocr_line' id='line_1_22' title="bbox 303 3013 1304 3103; baseline 0.002 -27"><span class='ocrx_word' id='word_1_160' title='bbox 303 3013 501 3079; x_wconf 87' lang='lat' dir='ltr'><strong>confirmaret</strong></span> <span class='ocrx_word' id='word_1_161' title='bbox 521 3019 555 3078; x_wconf 90' lang='lat' dir='ltr'><strong>et</strong></span> <span class='ocrx_word' id='word_1_162' title='bbox 576 3013 680 3098; x_wconf 85' lang='lat' dir='ltr'><strong>sigillo</strong></span> <span class='ocrx_word' id='word_1_163' title='bbox 703 3013 841 3078; x_wconf 89' lang='lat' dir='ltr'><strong>muniret</strong></span> <span class='ocrx_word' id='word_1_164' title='bbox 848 3040 858 3092; x_wconf 80' lang='lat'>3</span> <span class='ocrx_word' id='word_1_165' title='bbox 889 3013 1079 3097; x_wconf 90' lang='lat' dir='ltr'><strong>promittens</strong></span> <span class='ocrx_word' id='word_1_166' title='bbox 1099 3013 1127 3078; x_wconf 90' lang='lat' dir='ltr'><strong>ei</strong></span> <span class='ocrx_word' id='word_1_167' title='bbox 1150 3019 1304 3103; x_wconf 77' lang='lat' dir='ltr'><strong>trecentae</strong></span> 
     </span>
     <span class='ocr_line' id='line_1_23' title="bbox 303 3124 1301 3210; baseline 0.001 -22"><span class='ocrx_word' id='word_1_168' title='bbox 303 3147 423 3190; x_wconf 84' lang='lat' dir='ltr'><strong>marcas</strong></span> <span class='ocrx_word' id='word_1_169' title='bbox 448 3125 573 3209; x_wconf 82' lang='lat' dir='ltr'><strong>argenti</strong></span> <span class='ocrx_word' id='word_1_170' title='bbox 598 3148 630 3189; x_wconf 89' lang='lat' dir='ltr'><strong>se</strong></span> <span class='ocrx_word' id='word_1_171' title='bbox 654 3124 814 3204; x_wconf 88' lang='lat' dir='ltr'><strong>daturum,</strong></span> <span class='ocrx_word' id='word_1_172' title='bbox 841 3124 868 3188; x_wconf 90' lang='lat' dir='ltr'><strong>si</strong></span> <span class='ocrx_word' id='word_1_173' title='bbox 891 3124 1046 3210; x_wconf 84' lang='lat' dir='ltr'><strong>deinceps,</strong></span> <span class='ocrx_word' id='word_1_174' title='bbox 1070 3125 1114 3190; x_wconf 92' lang='lat' dir='ltr'><strong>sic</strong></span> <span class='ocrx_word' id='word_1_175' title='bbox 1142 3126 1301 3206; x_wconf 87' lang='lat' dir='ltr'><strong>hactenus,</strong></span> 
     </span>
     <span class='ocr_line' id='line_1_24' title="bbox 301 3235 1302 3321; baseline 0.004 -23"><span class='ocrx_word' id='word_1_176' title='bbox 301 3235 409 3300; x_wconf 90' lang='lat' dir='ltr'><strong>liceret</strong></span> <span class='ocrx_word' id='word_1_177' title='bbox 424 3236 483 3300; x_wconf 89' lang='lat' dir='ltr'><strong>sibi</strong></span> <span class='ocrx_word' id='word_1_178' title='bbox 499 3235 603 3321; x_wconf 84' lang='lat' dir='ltr'><strong>quiete</strong></span> <span class='ocrx_word' id='word_1_179' title='bbox 618 3242 650 3300; x_wconf 87' lang='lat' dir='ltr'><strong>et</strong></span> <span class='ocrx_word' id='word_1_180' title='bbox 664 3235 731 3300; x_wconf 88' lang='lat' dir='ltr'><strong>sine</strong></span> <span class='ocrx_word' id='word_1_181' title='bbox 741 3235 864 3320; x_wconf 88' lang='lat' dir='ltr'><strong>querela</strong></span> <span class='ocrx_word' id='word_1_182' title='bbox 874 3235 906 3298; x_wconf 91' lang='lat' dir='ltr'><strong>in</strong></span> <span class='ocrx_word' id='word_1_183' title='bbox 917 3235 1041 3320; x_wconf 83' lang='lat' dir='ltr'><strong>propria</strong></span> <span class='ocrx_word' id='word_1_184' title='bbox 1056 3235 1133 3300; x_wconf 89' lang='lat' dir='ltr'><strong>illud</strong></span> <span class='ocrx_word' id='word_1_185' title='bbox 1146 3243 1302 3320; x_wconf 83' lang='lat' dir='ltr'><strong>potestate</strong></span> 
     </span>
     <span class='ocr_line' id='line_1_25' title="bbox 301 3343 1300 3430; baseline 0.003 -22"><span class='ocrx_word' id='word_1_186' title='bbox 301 3343 425 3409; x_wconf 88' lang='lat' dir='ltr'><strong>babere.</strong></span> <span class='ocrx_word' id='word_1_187' title='bbox 470 3345 569 3430; x_wconf 85' lang='lat' dir='ltr'><strong>Cujus</strong></span> <span class='ocrx_word' id='word_1_188' title='bbox 590 3343 737 3430; x_wconf 34' lang='lat' dir='ltr'><strong>precibus·</strong></span> <span class='ocrx_word' id='word_1_189' title='bbox 748 3367 801 3409; x_wconf 84' lang='lat' dir='ltr'><strong>rex</strong></span> <span class='ocrx_word' id='word_1_190' title='bbox 817 3366 968 3424; x_wconf 87' lang='lat' dir='ltr'><strong>annuens,</strong></span> <span class='ocrx_word' id='word_1_191' title='bbox 980 3345 1077 3429; x_wconf 86' lang='lat' dir='ltr'><strong>jussit</strong></span> <span class='ocrx_word' id='word_1_192' title='bbox 1092 3369 1159 3430; x_wconf 81' lang='lat' dir='ltr'><strong>quae</strong></span> <span class='ocrx_word' id='word_1_193' title='bbox 1175 3348 1300 3430; x_wconf 89' lang='lat' dir='ltr'><strong>peteba-</strong></span> 
     </span>
     <span class='ocr_line' id='line_1_26' title="bbox 301 3453 1299 3540; baseline 0.005 -24"><span class='ocrx_word' id='word_1_194' title='bbox 301 3459 354 3516; x_wconf 85' lang='lat' dir='ltr'><strong>tur</strong></span> <span class='ocrx_word' id='word_1_195' title='bbox 376 3454 443 3518; x_wconf 88' lang='lat' dir='ltr'><strong>sine</strong></span> <span class='ocrx_word' id='word_1_196' title='bbox 465 3453 616 3518; x_wconf 86' lang='lat' dir='ltr'><strong>dilatione</strong></span> <span class='ocrx_word' id='word_1_197' title='bbox 639 3453 715 3518; x_wconf 83' lang='lat' dir='ltr'><strong>lieri.</strong></span> <span class='ocrx_word' id='word_1_198' title='bbox 763 3453 872 3517; x_wconf 87' lang='lat' dir='ltr'><strong>Sedet</strong></span> <span class='ocrx_word' id='word_1_199' title='bbox 891 3453 929 3518; x_wconf 90' lang='lat' dir='ltr'><strong>de</strong></span> <span class='ocrx_word' id='word_1_200' title='bbox 952 3461 1090 3518; x_wconf 90' lang='lat' dir='ltr'><strong>mercatu</strong></span> <span class='ocrx_word' id='word_1_201' title='bbox 1106 3456 1189 3520; x_wconf 80' lang='lat' dir='ltr'><strong>villae</strong></span> <span class='ocrx_word' id='word_1_202' title='bbox 1203 3457 1299 3540; x_wconf 86' lang='lat' dir='ltr'><strong>jussit</strong></span> 
     </span>
     <span class='ocr_line' id='line_1_27' title="bbox 301 3563 1299 3649; baseline 0.004 -23"><span class='ocrx_word' id='word_1_203' title='bbox 301 3563 447 3627; x_wconf 87' lang='lat' dir='ltr'><strong>similiter</strong></span> <span class='ocrx_word' id='word_1_204' title='bbox 463 3563 658 3628; x_wconf 90' lang='lat' dir='ltr'><strong>voluntatem</strong></span> <span class='ocrx_word' id='word_1_205' title='bbox 681 3563 804 3628; x_wconf 85' lang='lat' dir='ltr'><strong>abbatis</strong></span> <span class='ocrx_word' id='word_1_206' title='bbox 819 3563 896 3642; x_wconf 87' lang='lat' dir='ltr'><strong>fieri,</strong></span> <span class='ocrx_word' id='word_1_207' title='bbox 913 3565 1057 3629; x_wconf 91' lang='lat' dir='ltr'><strong>muniens</strong></span> <span class='ocrx_word' id='word_1_208' title='bbox 1072 3588 1109 3630; x_wconf 87' lang='lat' dir='ltr'><strong>ea</strong></span> <span class='ocrx_word' id='word_1_209' title='bbox 1123 3588 1191 3649; x_wconf 83' lang='lat' dir='ltr'><strong>quae</strong></span> <span class='ocrx_word' id='word_1_210' title='bbox 1205 3566 1299 3631; x_wconf 88' lang='lat' dir='ltr'><strong>scribi</strong></span> 
     </span>
     <span class='ocr_line' id='line_1_28' title="bbox 301 3674 651 3759; baseline 0.003 -21"><span class='ocrx_word' id='word_1_211' title='bbox 301 3674 449 3759; x_wconf 71' lang='lat' dir='ltr'><strong>praecepit</strong></span> <span class='ocrx_word' id='word_1_212' title='bbox 464 3696 520 3738; x_wconf 88' lang='lat' dir='ltr'><strong>suo</strong></span> <span class='ocrx_word' id='word_1_213' title='bbox 535 3674 651 3757; x_wconf 85' lang='lat' dir='ltr'><strong>sigillo.</strong></span> 
     </span>
     <span class='ocr_line' id='line_1_29' title="bbox 442 3807 1156 3875; baseline 0.006 -20"><span class='ocrx_word' id='word_1_214' title='bbox 442 3807 508 3872; x_wconf 87' lang='lat' dir='ltr'><strong>[The</strong></span> <span class='ocrx_word' id='word_1_215' title='bbox 519 3809 650 3872; x_wconf 78' lang='lat' dir='ltr'><strong>following</strong></span> <span class='ocrx_word' id='word_1_216' title='bbox 661 3823 705 3858; x_wconf 84' lang='lat' dir='ltr'><strong>arc</strong></span> <span class='ocrx_word' id='word_1_217' title='bbox 717 3809 762 3857; x_wconf 88' lang='lat' dir='ltr'><strong>the</strong></span> <span class='ocrx_word' id='word_1_218' title='bbox 773 3815 866 3871; x_wconf 77' lang='lat' dir='ltr'><strong>granta</strong></span> <span class='ocrx_word' id='word_1_219' title='bbox 878 3810 907 3859; x_wconf 80' lang='lat' dir='ltr'><strong>os</strong></span> <span class='ocrx_word' id='word_1_220' title='bbox 914 3811 1093 3860; x_wconf 82' lang='lat' dir='ltr'><strong>confirmation</strong></span> <span class='ocrx_word' id='word_1_221' title='bbox 1104 3809 1156 3875; x_wconf 93' lang='lat'><strong>:—]</strong></span> 
     </span>
    </p>
   </div>
   <div class='ocr_carea' id='block_1_4' title="bbox 296 3923 1298 4228">
    <p class='ocr_par' dir='ltr' id='par_1_4' title="bbox 296 3923 1298 4228">
     <span class='ocr_line' id='line_1_30' title="bbox 344 3923 1297 4010; baseline 0.007 -24"><span class='ocrx_word' id='word_1_222' title='bbox 344 3923 510 4001; x_wconf 88' lang='lat' dir='ltr'><strong>Henricus‚</strong></span> <span class='ocrx_word' id='word_1_223' title='bbox 524 3946 579 3987; x_wconf 90' lang='lat' dir='ltr'><strong>rex</strong></span> <span class='ocrx_word' id='word_1_224' title='bbox 603 3923 793 4006; x_wconf 87' lang='lat' dir='ltr'><strong>Anglorum,</strong></span> <span class='ocrx_word' id='word_1_225' title='bbox 809 3925 955 4010; x_wconf 85' lang='lat' dir='ltr'><strong>episcopo</strong></span> <span class='ocrx_word' id='word_1_226' title='bbox 972 3924 1152 3990; x_wconf 87' lang='lat' dir='ltr'><strong>Salesberiaa</strong></span> <span class='ocrx_word' id='word_1_227' title='bbox 1168 3933 1200 3990; x_wconf 89' lang='lat' dir='ltr'><strong>et</strong></span> <span class='ocrx_word' id='word_1_228' title='bbox 1215 3926 1297 3993; x_wconf 84' lang='lat' dir='ltr'><strong>vica·</strong></span> 
     </span>
     <span class='ocr_line' id='line_1_31' title="bbox 297 4025 1298 4118; baseline 0.006 -20"><span class='ocrx_word' id='word_1_229' title='bbox 297 4025 417 4111; x_wconf 76' lang='lat' dir='ltr'><strong>comiti,</strong></span> <span class='ocrx_word' id='word_1_230' title='bbox 432 4039 465 4099; x_wconf 88' lang='lat' dir='ltr'><strong>et</strong></span> <span class='ocrx_word' id='word_1_231' title='bbox 484 4032 679 4118; x_wconf 85' lang='lat' dir='ltr'><strong>justiciariis,</strong></span> <span class='ocrx_word' id='word_1_232' title='bbox 695 4041 728 4098; x_wconf 89' lang='lat' dir='ltr'><strong>et</strong></span> <span class='ocrx_word' id='word_1_233' title='bbox 750 4034 896 4098; x_wconf 90' lang='lat' dir='ltr'><strong>omnibus</strong></span> <span class='ocrx_word' id='word_1_234' title='bbox 919 4033 1087 4098; x_wconf 86' lang='lat' dir='ltr'><strong>baronibus</strong></span> <span class='ocrx_word' id='word_1_235' title='bbox 1107 4041 1140 4099; x_wconf 88' lang='lat' dir='ltr'><strong>et</strong></span> <span class='ocrx_word' id='word_1_236' title='bbox 1154 4036 1298 4104; x_wconf 88' lang='lat' dir='ltr'><strong>fidelibus</strong></span> 
     </span>
     <span class='ocr_line' id='line_1_32' title="bbox 296 4143 1298 4228; baseline 0.006 -20"><span class='ocrx_word' id='word_1_237' title='bbox 296 4144 370 4221; x_wconf 88' lang='lat' dir='ltr'><strong>suis,</strong></span> <span class='ocrx_word' id='word_1_238' title='bbox 388 4143 515 4208; x_wconf 84' lang='lat' dir='ltr'><strong>Francis</strong></span> <span class='ocrx_word' id='word_1_239' title='bbox 531 4151 563 4210; x_wconf 85' lang='lat' dir='ltr'><strong>et</strong></span> <span class='ocrx_word' id='word_1_240' title='bbox 579 4144 705 4228; x_wconf 84' lang='lat' dir='ltr'><strong>Anglis,</strong></span> <span class='ocrx_word' id='word_1_241' title='bbox 721 4143 759 4208; x_wconf 91' lang='lat' dir='ltr'><strong>de</strong></span> <span class='ocrx_word' id='word_1_242' title='bbox 775 4144 983 4222; x_wconf 88' lang='lat' dir='ltr'><strong>Berchescira,</strong></span> <span class='ocrx_word' id='word_1_243' title='bbox 999 4145 1143 4210; x_wconf 87' lang='lat' dir='ltr'><strong>salutem.</strong></span> <span class='ocrx_word' id='word_1_244' title='bbox 1184 4148 1298 4214; x_wconf 88' lang='lat' dir='ltr'><strong>Sciatis</strong></span> 
     </span>
    </p>
   </div>
   <div class='ocr_carea' id='block_1_5' title="bbox 296 4255 1298 4415">
    <p class='ocr_par' dir='ltr' id='par_1_5' title="bbox 296 4255 1298 4415">
     <span class='ocr_line' id='line_1_33' title="bbox 296 4255 1298 4324; baseline 0.006 -6"><span class='ocrx_word' id='word_1_245' title='bbox 296 4277 347 4320; x_wconf 89' lang='lat' dir='ltr'><strong>mc</strong></span> <span class='ocrx_word' id='word_1_246' title='bbox 361 4256 546 4320; x_wconf 83' lang='lat' dir='ltr'><strong>concessisse</strong></span> <span class='ocrx_word' id='word_1_247' title='bbox 575 4255 640 4319; x_wconf 91' lang='lat' dir='ltr'><strong>Deo</strong></span> <span class='ocrx_word' id='word_1_248' title='bbox 665 4261 699 4318; x_wconf 91' lang='lat' dir='ltr'><strong>et</strong></span> <span class='ocrx_word' id='word_1_249' title='bbox 723 4255 858 4319; x_wconf 71' lang='lat' dir='ltr'><strong>ecclesias</strong></span> <span class='ocrx_word' id='word_1_250' title='bbox 884 4256 1007 4320; x_wconf 82' lang='lat' dir='ltr'><strong>Sanctae</strong></span> <span class='ocrx_word' id='word_1_251' title='bbox 1031 4255 1142 4321; x_wconf 83' lang='lat' dir='ltr'><strong>Mariae</strong></span> <span class='ocrx_word' id='word_1_252' title='bbox 1168 4259 1298 4324; x_wconf 85' lang='lat' dir='ltr'><strong>Abben·</strong></span> 
     </span>
     <span class='ocr_line' id='line_1_34' title="bbox 676 4362 925 4415; baseline 0.008 -2"><span class='ocrx_word' id='word_1_253' title='bbox 676 4362 682 4392; x_wconf 93' lang='lat'><strong>¹</strong></span> <span class='ocrx_word' id='word_1_254' title='bbox 706 4365 925 4415; x_wconf 82' lang='lat' dir='ltr'><strong>AbbotVinoant.</strong></span> 
     </span>
    </p>
   </div>
   <div class='ocr_carea' id='block_1_6' title="bbox 0 0 1648 5142">
    <p class='ocr_par' dir='ltr' id='par_1_6' title="bbox 0 0 1648 5142">
     <span class='ocr_line' id='line_1_35' title="bbox 0 0 1648 5142; baseline 0 7"><span class='ocrx_word' id='word_1_255' title='bbox 0 0 1648 5142; x_wconf 95' lang='lat' dir='ltr'><strong> </strong></span> 
     </span>
    </p>
   </div>
  </div>
 </body>
</html>
