3286 5150
678 661 788 706 nunus
812 661 845 704 11.
1195 643 1257 704 209

259 814 320 878 Sed
336 836 390 898 per
399 819 523 897 tempus
538 813 687 894 multum,
700 812 835 899 prolatis
850 812 899 878 sni
908 811 1057 899 temporis
1072 811 1133 876 sibi
1147 812 1258 877 faven-

255 923 352 1002 tibus,
378 924 503 990 reddere
532 925 704 990 differebat.
751 925 844 990 Quod
880 923 1132 990 animadvertens
1162 923 1259 989 abbas

257 1035 466 1110 Walkelinus,
481 1037 660 1120 frequenter
675 1058 747 1100 cum
761 1035 870 1100 codem
884 1037 1014 1120 Psguno
1029 1034 1097 1120 egit
1110 1040 1148 1099 ut
1162 1034 1259 1100 eccle·

257 1147 310 1211 siae
332 1147 509 1213 restitueret
531 1147 613 1231 quod
636 1147 755 1231 injuste
770 1145 935 1211 annuatim
950 1146 1120 1210 auferebat.
1166 1145 1260 1211 Quod

258 1259 402 1345 quamvis
425 1259 575 1343 Pogonus
591 1281 687 1342 grave
702 1258 809 1336 ferret,
824 1258 865 1321 ad
886 1258 945 1322 hoo
960 1263 1067 1321 temen
1083 1256 1260 1322 constantia

258 1371 354 1454 hujus
386 1369 510 1434 obbatis
533 1369 685 1433 adductus
710 1372 780 1449 est,¹
798 1373 836 1432 ut
861 1367 894 1431 in
919 1368 1092 1453 capitulum
1114 1369 1260 1448 hutnm,

228 1483 235 1504 ¹
258 1505 330 1545 cum
345 1481 410 1544 filio
425 1503 518 1565 quem
532 1479 675 1544 heredem
691 1478 814 1557 habuit,
829 1477 961 1559 veniret,
976 1485 1008 1544 et
1022 1502 1079 1563 pro
1100 1478 1154 1542 illc
1168 1484 1261 1556 terra,

258 1597 290 1657 ot
306 1591 366 1656 clia
375 1615 469 1676 quarn
484 1591 519 1655 in
536 1591 665 1656 Stoches
680 1589 857 1654 deecclesia
871 1590 1009 1670 tenebat,
1022 1589 1264 1654 cumabbateet

259 1709 417 1768 conventu
431 1703 528 1767 talem
539 1701 717 1787 pactionem
731 1700 938 1765 confirmaret.
983 1702 1044 1764 Pro
1059 1701 1175 1765 damno
1189 1723 1262 1764 vero

260 1813 428 1898 praeterito,
454 1813 489 1877 in
512 1810 755 1876 misericordiam
780 1810 904 1875 abbatis
930 1834 962 1875 se
991 1811 1107 1896 posuit.
1153 1809 1263 1875 Chiro·

260 1923 417 2008 graphum
433 1928 541 1987 autem
556 1921 663 1986 taliter
677 1944 709 1986 se
723 1920 840 1985 habet:

298 2033 407 2098 Sciant
415 2039 482 2097 tom
494 2031 594 2096 futuri
606 2054 700 2116 quam
711 2036 889 2115 praesentes,
899 2031 982 2116 quod
992 2030 1263 2116 egoWalkelinus,

261 2144 322 2210 Dei
339 2142 444 2229 gratio
463 2142 560 2208 abbas
579 2141 806 2221 Abbendoniae,
822 2147 968 2228 totusque
992 2148 1165 2207 conventus
1180 2143 1263 2224 ejus-

260 2256 332 2321 dem
348 2254 494 2333 ecclesiae,
508 2252 715 2318 concessimus
731 2255 861 2338 Pagano
876 2255 914 2318 dc
929 2252 1103 2338 Appelford
1125 2258 1158 2317 et
1177 2253 1265 2317 herc-

260 2367 353 2431 dibus
376 2364 450 2444 suis,
464 2365 533 2449 jure
548 2363 736 2429 hereditario
758 2365 929 2428 tenendam
943 2366 981 2430 de
1002 2363 1130 2429 ecclesia
1155 2368 1263 2427 nostra

261 2477 295 2540 in
324 2482 521 2561 perpetuum,
547 2479 726 2540 tenaturam
763 2496 852 2538 suam
882 2474 919 2540 de
948 2474 1132 2559 Appelford,
1163 2479 1195 2539 et
1224 2473 1263 2538 de

263 2586 403 2665 Stoches,
430 2591 559 2669 excepto
591 2585 678 2649 omni
707 2591 918 2668 purprestura,
950 2608 1006 2670 pro
1042 2585 1118 2650 XX.
1156 2585 1263 2651 solidis

262 2695 396 2782 singulis
420 2695 512 2760 annis
534 2693 712 2780 coquinario
733 2694 866 2760 ecclesiae
886 2701 1001 2760 nostrae
1015 2696 1191 2779 reddendis,
1205 2721 1262 2782 pro
1297 2703 1302 2710 ”

261 2808 348 2873 omni
363 2807 502 2885 servitio,
517 2805 636 2872 scilicet
651 2804 689 2870 ad
705 2806 823 2871 festum
846 2807 956 2871 Sancti
971 2806 1138 2872 Michaelis
1154 2809 1195 2873 X.
1212 2833 1262 2874 so·

261 2918 344 2998 lidis‚
365 2923 398 2984 et
420 2917 459 2982 cd
477 2915 768 2983 Annuncictionem
792 2918 914 2982 Sanotae
938 2917 1050 2983 Moriae
1072 2919 1113 2983 X.
1145 2919 1261 2985 solidis.

262 3031 307 3094 Et
324 3035 361 3094 ut
378 3030 444 3094 haec
463 3028 630 3095 conventio
654 3029 772 3093 firmior
789 3033 822 3093 et
842 3029 984 3094 stabilior
1008 3031 1185 3112 haberetur,
1205 3055 1262 3096 nos

261 3140 391 3226 praefato
411 3142 541 3225 Pagano
558 3139 803 3225 chirographum
829 3139 943 3226 sigillis
960 3141 1075 3206 nostris
1101 3143 1261 3208 munitum

262 3250 521 3322 contradidimus
543 3255 576 3315 et
599 3250 665 3335 ipse
689 3250 838 3334 Pogonus
860 3257 893 3316 et
909 3252 1064 3317 Rohertus
1079 3253 1163 3317 filius
1178 3278 1263 3335 suuS,

262 3385 300 3426 ex
315 3383 370 3424 sua
390 3367 488 3445 parte,
500 3359 533 3422 in
548 3343 712 3443 praesentia
733 3359 832 3424 totius
848 3361 987 3445 capituli,
1006 3369 1039 3426 et
1056 3361 1262 3446 plurimorum

261 3469 453 3547 clericorum,
468 3474 501 3533 et
520 3469 691 3533 multorum
710 3467 870 3550 laicorum,
884 3470 1070 3553 juraverunt
1090 3495 1122 3536 se
1139 3479 1172 3538 et
1192 3497 1264 3539 suos

261 3581 396 3644 haeredes
419 3578 486 3642 sine
507 3579 594 3643 omni
618 3579 818 3644 simulatione
838 3580 1001 3664 praefntsm
1022 3583 1263 3649 conventionem

221 3757 231 3770 ,
263 3713 328 3756 esec
348 3695 532 3755 servaturos.
580 3689 642 3754 His
664 3690 798 3755 testibus
818 3690 1013 3775 subscriptis,
1026 3691 1189 3757 Clemente
1209 3695 1262 3761 de·

263 3825 351 3880 cano,
372 3800 510 3866 Rcdulfo
531 3800 569 3865 de
592 3802 708 3866 Sancto
732 3801 886 3880 Martino,
906 3807 938 3866 et
961 3804 1086 3886 Rogero
1106 3803 1171 3868 filio
1197 3828 1264 3885 suo,

264 3911 407 3979 Martino
428 3910 620 3996 presbyterO,
635 3916 668 3975 ct
692 3909 785 3976 Helia
804 3911 923 3987 clerico,
942 3911 1048 3977 Adam
1070 3913 1263 3998 vicecomite,

263 4021 418 4088 Nioholao
441 4021 505 4086 filio
525 4020 663 4100 Trnoldi,
678 4022 824 4086 dohanne
844 4021 882 4086 de
905 4022 1109 4102 linbervilla,
1125 4026 1263 4093 Roberto
1358 4081 1361 4088 .

263 4135 302 4200 de
316 4134 500 4212 Seuecurda,
512 4138 545 4197 et
554 4131 716 4198 Willelmo
727 4131 791 4196 filio
806 4155 873 4212 suo,
883 4134 905 4196 J
906 4133 1027 4200 ohanne
1042 4133 1081 4199 dc
1096 4135 1265 4218 lhbeneia,

630 4387 639 4421 ¹
657 4388 700 4436 ic.
711 4388 747 4450 by
759 4401 899 4436 summons.
