3280 5132
354 616 374 679 8
602 633 737 678 rmorrs
759 632 1110 680 suono-uonusuuror.

351 784 616 872 praepositumque
624 785 833 870 impotentem
847 786 1047 852 villicationis
1064 785 1190 852 reddere
1199 785 1355 851 rationem

352 903 536 983 exponente,
559 897 688 962 tandem
714 901 786 982 post
809 897 948 982 plurium
962 898 1132 963 verborum
1155 897 1356 976 rotationem,

353 1033 425 1075 reus
451 1031 555 1074 coram
581 1008 742 1074 communi
765 1008 885 1094 judicio
908 1009 1034 1074 sistitur
1058 1009 1243 1074 Rotbertus.
1291 1008 1357 1075 Qui

346 1125 477 1186 ‘reatum
492 1120 646 1185 confitens
663 1143 737 1185 cum
761 1120 886 1186 veniam
910 1120 1082 1205 flagitaret,
1095 1120 1202 1184 decem
1230 1119 1356 1203 argenti

353 1231 442 1297 libris
456 1233 624 1314 decemque
639 1231 792 1296 frumenti
807 1230 1006 1316 adjudicatus
1021 1230 1146 1310 modiis,
1160 1251 1234 1294 cum
1248 1229 1354 1314 gratia

352 1342 595 1409 misericorditer
640 1341 825 1407 absolvitur.
870 1341 941 1407 Hoc
984 1347 1120 1426 peraeto,
1157 1346 1190 1407 et
1225 1340 1353 1405 domino

354 1453 522 1518 Gausfrido
548 1453 576 1518 ei
601 1453 678 1538 quid
702 1475 778 1537 erge
814 1453 920 1536 ipsum
951 1451 1153 1538 querimonia
1186 1457 1354 1535 praesentes

351 1563 503 1630 haberent
536 1563 727 1643 sciscitante,
759 1585 832 1629 cum
867 1563 1053 1648 calumpniae
1078 1562 1125 1627 nil
1149 1585 1169 1628 a
1193 1583 1353 1649 quoquam

352 1675 532 1756 referretur,
546 1675 633 1740 ouria
647 1675 749 1740 soluta
763 1680 821 1740 est.

357 2195 483 2280 [Aneor
504 2197 674 2264 Gsusrnrn
696 2219 723 2263 o.
746 2197 818 2266 Tne
842 2195 1195 2260 K1uo’sconnncrors.
1227 2190 1351 2276 1102.]¹

352 2341 390 2408 [Δ
400 2344 460 2408 sbip
475 2359 538 2409 goes
548 2346 641 2397 eshore
651 2349 681 2396 et
691 2345 763 2410 Wye,
774 2345 851 2396 leden
867 2345 932 2396 with
942 2345 1015 2409 roysl
1026 2344 1168 2394 valnsblu.
1202 2343 1257 2392 The
1268 2342 1353 2405 king's

414 2423 550 2474 collectore
561 2439 633 2474 come
644 2427 673 2473 to
691 2424 758 2473 seire
775 2424 820 2472 the
838 2439 910 2473 same
926 2437 957 2472 as
974 2424 1067 2472 wreclr.
1101 2422 1224 2472 Gansffid
1241 2421 1292 2470 and
1310 2421 1352 2469 his

414 2515 474 2550 men
484 2515 580 2563 oppose
591 2500 651 2560 this,
663 2500 715 2549 and
731 2514 748 2550 e
765 2501 907 2562 compluint
926 2501 949 2550 is
966 2500 1020 2549 laid
1038 2499 1126 2550 before
1144 2499 1191 2550 the
1210 2499 1288 2562 lring;
1306 2498 1351 2546 the

414 2578 497 2628 result
508 2579 586 2642 being
597 2579 624 2627 in
635 2577 729 2627 favour
739 2578 769 2628 oi
783 2577 928 2643 Genesim]

352 2693 420 2757 Suu
436 2692 534 2757 isdem
545 2693 655 2758 diebus
667 2715 766 2758 wareo
777 2693 915 2778 contigit
924 2694 958 2759 in
973 2693 1200 2778 Dengemareis
1209 2691 1350 2758 membro

349 2805 389 2869 de
415 2805 480 2885 Wi,
502 2826 616 2869 navem
639 2805 785 2870 videlicet
810 2807 906 2890 regiis
931 2805 1123 2871 ornamentis
1150 2812 1183 2871 et
1205 2804 1350 2890 operibus

349 2921 496 2980 onustam
527 2915 675 2980 fluctibus
703 2915 857 3000 jactatam
888 2939 963 2980 eum
993 2917 1059 2980 illie
1081 2916 1254 3002 appulisset
1276 2936 1349 2980 con·

350 3023 456 3107 iringi.
502 3023 607 3089 Quam
623 3046 695 3088 eum
711 3023 793 3088 infra
808 3031 966 3090 statutum
981 3026 1153 3092 terminum
1180 3049 1239 3110 pro
1259 3026 1350 3091 'more

349 3155 491 3217 reparare
519 3133 712 3217 nequissent,
742 3135 822 3219 regii
850 3158 1004 3201 accessere
1040 3143 1207 3216 exactores,
1236 3159 1350 3201 navem

349 3266 421 3308 cum
436 3244 548 3327 opibus
565 3250 601 3308 ut
627 3245 749 3329 regiam
773 3245 937 3329 pecuniam
963 3245 996 3310 vi
1022 3246 1164 3330 optinere
1189 3253 1348 3312 conantes.

348 3353 486 3419 Domino
515 3377 588 3419 vero
620 3355 788 3420 Gausfrido
818 3356 980 3420 obnitente
1014 3379 1088 3420 eum
1118 3357 1192 3436 suis,
1219 3358 1349 3422 tandem

348 3487 452 3531 coram
482 3465 579 3549 regiis
608 3465 737 3529 auribus
774 3466 832 3530 hae
869 3467 1024 3532 ventilata
1060 3469 1266 3552 querimonia,
1294 3492 1350 3534 rex

348 3598 467 3640 morem
505 3574 621 3639 servari
657 3576 798 3660 patrium
835 3577 953 3655 volens,
990 3577 1215 3665 ecclesiamque
1259 3602 1349 3644 suam

348 3686 504 3751 offendere
518 3708 643 3766 cavens,
655 3685 751 3769 jussit
783 3687 937 3772 quatinus
970 3710 1027 3752 neo
1061 3688 1099 3752 de
1132 3712 1189 3753 sua
1221 3691 1350 3775 quidem

348 3797 481 3882 pecunia
500 3795 636 3880 propria,
658 3795 843 3881 cujusquam
865 3797 993 3862 ecclesia
1014 3805 1175 3882 pateretur
1189 3801 1347 3885 injuriam,

348 3906 403 3971 sed
418 3905 499 3992 quod
514 3905 682 3989 appulsum
697 3905 801 3970 fuerat
814 3913 919 3971 totum
934 3907 1068 3972 eeclesiae
1084 3917 1233 3977 maneret.

381 4043 430 4090 See
442 4041 487 4089 the
498 4055 558 4090 ease
569 4040 597 4090 ol
607 4041 771 4105 Arehbirhop
781 4041 811 4092 oi
820 4042 983 4108 Genterbury
995 4059 1018 4093 o.
1031 4044 1119 4094 Abbot
1130 4046 1161 4095 of
1177 4047 1273 4108 Battel,
1282 4052 1349 4110 port,

345 4133 371 4182 p.
383 4120 438 4178 143,
451 4119 480 4166 in
491 4119 536 4166 the
546 4133 609 4182 year
620 4119 692 4169 11³9.

521 4318 529 4352 ¹
548 4317 641 4367 Chron.
654 4321 723 4369 Mon.
736 4321 768 4370 do
780 4323 860 4382 Bello,
869 4325 902 4372 49
915 4325 994 4388 (Aug.
1007 4325 1088 4376 Chris
1101 4329 1181 4392 Soa).
