3280 5132
670 664 812 708 unauna
837 665 874 708 11.
1232 643 1272 703 63

273 816 620 884 cives-Londonienses
650 821 682 882 et
711 817 857 881 abbatem
889 821 921 879 et
949 815 1093 879 homines
1130 813 1197 896 ejus
1236 813 1274 876 de

276 931 417 993 Stonore.
475 929 568 993 Cives
605 928 839 994 Londonienses
882 926 1130 992 vendicaverunt
1175 925 1275 990 domi·

274 1039 365 1102 nium
381 1038 462 1103 villae
477 1038 515 1102 de
532 1040 664 1103 Stonore
681 1045 829 1123 tanquam
853 1036 890 1101 de
914 1037 1009 1101 maris
1033 1043 1128 1120 portu
1152 1036 1276 1100 civitati

276 1149 486 1214 Londoniensi
502 1149 652 1232 subjecto.
699 1151 755 1214 Set
770 1171 844 1232 rege
858 1147 1021 1212 Willelmo
1039 1149 1133 1212 Ruffo
1149 1147 1276 1211 favento

274 1260 359 1344 parti
375 1260 508 1337 abbatis,
524 1258 751 1323 ditationatum
767 1265 816 1322 est
838 1260 872 1322 in
898 1259 1005 1324 eadem
1032 1259 1108 1322 villa
1131 1281 1187 1343 per
1208 1260 1276 1342 jus-

274 1371 422 1451 ticiarios‚
438 1370 523 1454 quod
539 1371 647 1434 nullus
669 1371 707 1435 de
730 1375 840 1436 caetero
867 1369 985 1454 aliquid
1010 1369 1125 1434 clamet
1149 1369 1278 1448 ibidem,

275 1488 323 1546 set
337 1482 443 1566 Wydo
459 1481 555 1545 abbas
569 1488 603 1546 et
618 1505 696 1560 suus
707 1487 880 1546 conventus
895 1481 990 1546 libere
1000 1488 1033 1546 et
1044 1481 1147 1566 quiete
1162 1487 1278 1546 terram

274 1593 362 1656 illam
377 1598 410 1657 et
425 1597 531 1656 totum
546 1593 625 1655 litus
640 1592 794 1676 usquead
809 1591 1009 1656 medietatem
1033 1615 1120 1677 aquae
1142 1592 1280 1658 habeant

275 1706 342 1769 sine
356 1703 536 1788 calumpnia
550 1702 666 1787 aliqua,
683 1710 715 1767 et
738 1701 822 1787 quod
844 1702 941 1766 abbas
967 1703 1077 1766 Sancti
1101 1703 1279 1787 Augustini

276 1815 371 1880 libere
386 1813 545 1900 possideat
561 1836 669 1878 omnes
684 1813 889 1878 rectitudines
914 1819 947 1876 et
972 1814 1213 1878 consuetudines
1239 1814 1279 1878 ad

276 1925 459 2011 praedictam
474 1924 583 1988 villam
609 1924 815 2007 pertinentes.
860 1924 905 1986 Et
928 1945 1023 2006 super
1048 1924 1110 1988 isto
1135 1946 1280 2006 processu

277 2041 353 2099 sunt
382 2040 475 2097 carta
505 2033 644 2117 duplices
673 2031 814 2116 pradicti
840 2030 935 2114 regis.
997 2031 1173 2096 Recordum
1214 2033 1280 2097 sive

277 2143 510 2208 diratiocinium
537 2141 721 2226 praedictum
736 2141 925 2206 confirmant
951 2139 1097 2206 videlicet
1124 2143 1280 2207 Henricus

278 2277 333 2318 rex
363 2253 494 2338 primus,
520 2253 711 2335 Stephanus
735 2251 897 2314 Johannes
921 2257 954 2315 et
981 2251 1141 2314 Henricus
1166 2253 1284 2316 tercius

279 2387 368 2451 reges
384 2362 511 2446 Angliae
525 2362 719 2447 temporibus
735 2361 799 2426 suis
812 2361 891 2425 illud
907 2361 991 2426 idem
1006 2362 1100 2426 cartis
1123 2361 1188 2426 suis
1209 2385 1283 2428 con·

279 2479 495 2541 firmaverunt.

344 2643 410 2709 [Tho
422 2645 552 2708 following
562 2659 608 2693 ars
619 2644 664 2693 the
676 2648 728 2694 two
739 2645 857 2694 ohnrtors
869 2645 899 2696 of
911 2646 976 2696 Wm.
993 2647 1029 2697 11.
1041 2647 1156 2698 rofomed
1168 2647 1217 2714 to]

323 2770 526 2848 Willelmus,¹
543 2771 604 2835 Dei
625 2770 729 2852 gratia
745 2793 800 2834 rex
823 2771 1015 2854 Anglorum‚
1032 2775 1282 2861 archiepiscopio,

280 2882 459 2963 abbatibus,
470 2882 651 2960 comitibus,
663 2881 910 2961 vicecomitibus,
926 2890 959 2948 et
973 2884 1121 2949 omnibus
1137 2887 1283 2951 fidelibus

280 2995 379 3058 totius
400 2993 539 3076 Angliae,
563 2991 707 3056 salutem.
754 2992 868 3057 Sciatis
898 2993 971 3078 quia
993 2995 1064 3060 volo
1086 3003 1119 3060 et
1141 2997 1285 3082 praecipio

280 3129 372 3189 super
387 3104 559 3169 amicitiam
575 3127 689 3183 meam,
706 3111 744 3169 ut
758 3104 864 3168 nullus
876 3106 996 3170 amodo
1007 3107 1125 3191 aliquid
1139 3110 1287 3174 reclamet

280 3216 315 3279 in
330 3218 511 3294 Estanores,
527 3215 581 3279 sed
597 3216 702 3301 Wydo
718 3215 814 3280 abbas
834 3217 872 3281 de
898 3218 1014 3282 Sancto
1041 3219 1226 3302 Augustino
1252 3226 1286 3285 et

282 3325 395 3390 fratres
421 3326 480 3389 loci
507 3325 646 3408 ejusdem
673 3326 768 3390 libere
798 3333 831 3390 et
860 3327 965 3410 quiete
990 3334 1105 3392 terram
1135 3331 1224 3394 illam
1253 3338 1287 3396 et

281 3443 387 3500 totum
410 3438 502 3501 littus
525 3459 622 3520 usque
645 3437 679 3499 in
703 3437 903 3502 medietatem
928 3461 1015 3523 aquae
1047 3440 1194 3519 habeant,
1218 3442 1286 3506 sine

281 3546 459 3625 calumnia;
483 3546 558 3630 quia
572 3547 619 3610 ita
630 3546 857 3610 dirationatum
881 3553 929 3612 est
944 3549 1027 3612 inter
1042 3550 1184 3614 homines
1200 3574 1285 3616 meos

282 3655 319 3721 de
343 3657 509 3722 Londonia
529 3664 562 3720 et
584 3658 726 3721 homines
740 3657 863 3722 abbatis
879 3658 911 3721 in
927 3665 1067 3743 tempore
1084 3682 1163 3738 meo,
1180 3683 1285 3726 coram

277 3767 408 3853 justicia
430 3789 499 3831 mea
520 3767 604 3850 apud
626 3769 804 3833 Estanores.
850 3769 996 3833 'festibus
1019 3769 1180 3835 Willelmo
1205 3773 1284 3856 epis·

282 3903 359 3963 copo
373 3879 411 3943 de
427 3878 606 3962 Ampelino‚
621 3883 652 3941 et
670 3879 794 3962 Rogero
815 3878 923 3962 Bigot,
939 3879 1022 3963 apud
1039 3881 1241 3964 Wyndesore.

323 4064 521 4130 Willelmus²
547 4085 601 4127 rex
635 4064 812 4146 Anglorum
839 4065 884 4128 H.
914 4064 1063 4150 dapifero,
1084 4073 1117 4132 et
1140 4071 1285 4136 omnibus

282 4177 452 4242 baronibus
467 4175 505 4240 de
526 4176 624 4254 Kent,
649 4175 776 4239 Francis
792 4183 824 4240 et
839 4176 964 4260 Anglis,
981 4177 1123 4245 salutem.
1171 4183 1285 4249 Sciatis

350 4376 357 4406 ¹
376 4378 445 4427 Hist.
458 4379 527 4426 Mon.
540 4377 579 4426 St.
592 4377 658 4439 Aug.
671 4377 719 4427 355
732 4377 804 4442 (Roo.
817 4377 909 4438 Com).
1082 4379 1093 4412 ²
1110 4381 1150 4429 Ib.
1162 4384 1219 4433 356.
