3286 5150
339 653 405 718 266
594 671 727 718 amoma
749 671 1096 720 rucco-uomitum.

343 824 419 889 dum
431 851 441 903 5
464 847 521 911 pro
530 848 592 910 qua
601 824 759 889 calumnia
771 824 925 890 Ricardns
934 825 1022 891 dedit
1031 825 1192 891 Willelmo
1201 827 1349 910 pradicto

342 935 541 1000 medietatem
563 957 675 998 marcae
701 934 835 1019 argenti,
849 939 882 1000 et
905 935 1042 1000 mediam
1065 935 1224 1021 virgatam
1248 943 1348 1016 terrae,

342 1045 449 1110 eodem
465 1044 592 1110 servitio
607 1068 669 1130 quo
683 1045 749 1130 ipse
765 1045 921 1111 Ricardus
942 1051 1045 1112 totam
1069 1046 1189 1130 hydar'n
1213 1046 1350 1112 deservit

343 1156 425 1239 apud
440 1155 603 1220 dominum
618 1155 814 1240 pradictum,
823 1161 978 1241 quantum
994 1157 1034 1221 ud
1047 1161 1194 1222 tenuram
1206 1156 1347 1241 praedicti

340 1265 495 1330 Willelmi
513 1267 660 1351 pertinet.
708 1266 801 1331 Hanc
816 1267 1058 1333 conventionem
1072 1268 1252 1347 tenendum,
1264 1267 1347 1332 Wil-

341 1375 454 1440 lalmus
469 1378 583 1441 Ruffue
597 1377 765 1462 pradictus
789 1377 969 1457 affirmavit,
983 1383 1017 1444 et
1042 1377 1238 1460 Reginaldus
1263 1378 1347 1442 filius

340 1509 425 1566 suus,
456 1488 551 1552 tactis
581 1487 753 1573 evangeliis
786 1495 991 1567 sacramento,
1022 1488 1106 1573 quod
1142 1487 1213 1572 ipsi,
1245 1511 1346 1574 neque

340 1596 475 1663 haeredea
511 1597 636 1662 illorum
670 1599 708 1664 de
742 1598 925 1664 hareditnte
955 1621 1023 1683 qua
1053 1597 1116 1663 fuit
1149 1597 1276 1662 Rodrioi
1306 1598 1345 1664 de

341 1706 558 1773 Aldesworthe
583 1708 666 1792 apud
697 1708 869 1773 Ricardum
898 1708 1093 1792 pradictum,
1123 1729 1180 1772 nec
1209 1707 1344 1773 harredea

340 1839 421 1895 suna,
444 1823 522 1897 arte,
552 1840 611 1883 nec
643 1818 783 1903 ingenio,
806 1819 942 1903 amplius
979 1841 1043 1884 non
1073 1823 1226 1903 peterent.
1272 1819 1344 1883 Hoc

339 1931 446 1992 autem
465 1933 514 1993 eet
537 1929 620 2014 apud
637 1928 877 1994 Glouoestriam.
924 1929 997 1994 Hiis
1016 1927 1159 1994 testibus,
1210 1927 1343 2011 [Names

340 2042 398 2101 not
411 2037 530 2122 given]

373 2607 545 2692 [Wiaumn
560 2625 600 2670 or
615 2606 789 2669 Bnnxuunr
812 2627 837 2669 c.
862 2607 976 2669 Annon
998 2607 1143 2671 'Pitoura
1190 2604 1316 2688 1182.]¹

339 2770 421 2832 Hac
436 2775 484 2833 eet
499 2766 602 2832 finalis
625 2765 788 2831 concordia
813 2765 897 2831 facta
919 2765 1003 2830 inter
1017 2766 1169 2830 Thomam
1193 2764 1339 2828 abbatom

336 2885 369 2944 et
383 2884 574 2944 conventum
592 2877 700 2941 Sancti
718 2875 804 2942 Petri
821 2875 1025 2941 Glouoestriae
1040 2883 1072 2940 et
1088 2875 1286 2939 Willelmum
1301 2873 1339 2938 de

338 2989 492 3074 Berkelay
515 2989 553 3052 de
583 2993 710 3070 pastura
740 3007 835 3069 quam
865 2985 947 3049 idem
974 2985 1154 3049 Willelmua
1183 2985 1340 3049 clamabat

336 3099 483 3163 adversus
506 3095 668 3180 pradictus
693 3095 840 3160 abbatem
866 3101 898 3158 et
922 3095 1089 3158 monachos
1119 3093 1152 3157 in
1182 3093 1273 3158 bosco
1299 3094 1338 3157 de

335 3230 434 3294 parva
448 3204 670 3290 Cuthberleya.

379 3317 537 3383 Convenit
561 3316 644 3380 iuter
667 3337 729 3393 eos,
753 3335 858 3378 coram
880 3313 1064 3398 justiciariis
1093 3313 1213 3379 domini
1240 3313 1337 3398 regis,

334 3428 482 3495 videlicet
491 3427 611 3492 'Phoma
621 3425 685 3490 filio
695 3423 858 3503 Bernardi,
869 3423 972 3488 Alano
981 3424 1019 3489 dc
1031 3424 1185 3503 Furnalla,
1198 3423 1336 3489 Roberto

335 3538 374 3604 de
397 3536 610 3623 Wythefelde,
624 3541 658 3601 et
679 3557 783 3600 coram
807 3535 970 3600 Willelmo
992 3535 1056 3598 filio
1082 3534 1233 3618 Stephani
1259 3541 1336 3597 tunc

336 3648 531 3726 vicecomite,
561 3669 642 3710 anno
679 3645 719 3709 ab
749 3643 973 3708 Incarnatione
1003 3643 1134 3708 Domini
1171 3642 1336 3707 millesimo

334 3757 498 3824 cesteeimo
534 3753 726 3838 octogesimo
763 3753 910 3831 secundo,
947 3775 1054 3817 mense
1093 3751 1224 3830 Martio,
1253 3751 1336 3834 apud

336 3865 575 3944 Glouceetriam,
601 3870 752 3948 prasente
770 3862 924 3927 comitatu
949 3861 988 3926 de
1018 3861 1226 3939 Gloucestria‚
1251 3861 1336 3944 quod

333 3977 577 4061 praenominatua
601 3973 791 4051 Willelmus,
815 3995 871 4057 pro
895 3978 1029 4056 quatuor
1058 3971 1169 4036 marcis
1199 3971 1335 4054 argenti,

333 4085 530 4151 renunciavit
553 4084 615 4149 toti
633 4083 699 4168 juri
723 4105 779 4148 suo
805 4082 888 4166 quod
912 4081 1103 4146 clamaverat
1128 4079 1162 4144 in
1188 4080 1334 4166 praedioto

332 4196 433 4260 bosco.
478 4197 524 4260 Et
537 4200 575 4259 ut
589 4193 702 4259 certior
716 4192 806 4257 fieret
821 4192 885 4255 hren
909 4190 1075 4256 conventio
1101 4193 1135 4254 et
1159 4189 1277 4254 firmior
1299 4188 1333 4252 in

542 4371 550 4403 ¹
568 4369 581 4418 1
594 4369 685 4418 Ghron.
698 4369 766 4418 Mon
780 4367 867 4416 Giono.
879 4367 929 4416 2³4
941 4365 1011 4428 (Rue.
1023 4365 1114 4428 Oomr).
