3286 5142
324 633 385 696 118
568 651 702 696 euacua
725 651 1075 698 auom-nouusuurca

321 803 521 889 Tynemutha
558 803 803 888 proclamatione
839 804 873 869 in
910 804 1048 889 capitulo
1087 803 1197 870 Sancti
1234 801 1321 868 Petri

318 915 454 981 Eboraci
468 913 671 1000 praesentibus
686 915 840 1000 episcopis
851 914 1000 980 Turstino
1013 915 1173 1000 predicto,
1183 914 1321 980 Ranull'o

319 1025 527 1091 Dunclmcnsi
550 1030 583 1090 et
608 1027 714 1090 Homo
739 1025 849 1091 Sancti
873 1025 1007 1092 Ebroini
1041 1025 1171 1112 aliisque
1200 1025 1322 1106 multis,

318 1137 400 1203 hanc
433 1137 482 1202 sui
513 1137 595 1223 juris
625 1137 720 1202 irrisae
753 1138 916 1222 conquesti
947 1144 1023 1202 suut
1052 1159 1093 1202 ex
1125 1135 1321 1202 concessione

319 1247 489 1314 Waltheoii
524 1247 659 1327 comitis,
681 1248 807 1334 quando
829 1247 1052 1314 consobrinum
1074 1269 1179 1326 snum,
1201 1245 1321 1311 scilicet

317 1365 492 1426 matertera
514 1383 577 1426 suae
598 1359 712 1441 filium,
728 1360 916 1426 Markarum
938 1381 1071 1444 puerum
1092 1358 1261 1443 parvulum
1274 1357 1320 1423 eis

316 1472 520 1537 nutriendum
531 1472 600 1538 Deo
615 1473 648 1538 in
662 1469 1241 1557 Gyrwensimonasteriocontradedit.
1260 1520 1267 1536 .
1285 1517 1293 1535 .
1310 1519 1319 1536 .

316 1582 478 1648 Postremo
500 1605 573 1648 cum
595 1583 728 1648 Albrius
750 1582 899 1647 honorem
925 1581 1094 1648 comitatus
1123 1579 1319 1664 suscepisset,

315 1693 382 1778 ipse
411 1715 535 1779 quoque
560 1694 652 1759 nobis
680 1694 716 1759 in
745 1693 941 1759 Duuelmum
970 1691 1145 1769 translatis,
1182 1691 1318 1756 eundem

315 1805 418 1870 locum
436 1805 578 1872 donavit.
624 1806 720 1870 Unde
735 1828 810 1870 mox
833 1827 872 1871 ex
897 1804 1029 1889 capituli
1044 1803 1143 1869 totius
1160 1801 1318 1866 sententia

313 1916 487 1983 monachus
510 1923 619 1982 noster
634 1916 815 1982 'lurchillus
830 1915 906 1981 illuc
920 1915 1075 1995 mittitur,
1096 1913 1151 1999 qui
1165 1918 1317 1978 renovato

312 2025 448 2091 ccclesiae
472 2026 572 2112 ipsius
595 2027 745 2106 culmine,
759 2049 816 2111 per
840 2027 982 2092 multum
1005 2031 1132 2109 tempus
1157 2023 1317 2089 habitavit

312 2136 441 2218 ibidem,
464 2138 562 2204 donec
587 2143 697 2223 postca
722 2161 741 2201 a
765 2137 926 2202 Rodherto
952 2136 990 2200 de
1007 2134 1167 2200 Mulbreio
1190 2133 1314 2214 comite,

310 2253 438 2331 propter
473 2248 581 2313 odium
618 2247 699 2334 quod
737 2253 849 2313 contra
885 2246 1067 2333 episcopum
1104 2245 1314 2310 Willielmum

310 2357 474 2440 habuerat,
502 2381 559 2444 per
587 2359 752 2424 ministros
781 2358 881 2444 ipsius
910 2357 1036 2422 comitis
1074 2357 1248 2422 Gumerum
1281 2363 1315 2422 et

311 2469 507 2534 Rodbertum
538 2470 620 2536 'luca
649 2471 802 2536 violenter
838 2469 1055 2555 expelleretur.
1099 2469 1175 2534 Non
1212 2467 1314 2534 multo

310 2585 382 2664 post
408 2579 505 2646 abbas
531 2579 712 2646 monasterii
741 2581 850 2645 Sancti
863 2580 983 2645 Albani
999 2578 1117 2644 Paulus
1133 2578 1312 2664 praedictam

310 2689 472 2756 ecclesiam
508 2714 527 2756 a
563 2693 679 2759 comite
717 2693 915 2778 impetravit,
944 2714 1042 2778 quam
1078 2691 1203 2781 visurus
1239 2715 1312 2756 cum

309 2800 447 2866 venisset
476 2802 664 2883 Eboracum,
694 2805 856 2888 'I'urgotus
892 2802 947 2888 qui
984 2808 1062 2867 tunc
1088 2802 1312 2868 Duuelmensis

309 2911 445 2976 ecclesiae
473 2913 650 2996 prioratum
679 2915 822 2998 gerebat,
846 2913 952 2978 missis
981 2912 1057 2978 illuc
1086 2914 1250 2978 monachis
1279 2920 1312 2979 ct

309 3020 439 3100 clericis,
470 3021 504 3086 in
541 3024 707 3107 praeseutia
743 3023 970 3109 archiepiscopi
1006 3025 1135 3090 'I'homae
1171 3025 1310 3105 senioris,

309 3132 544 3216 multarumque
566 3155 691 3218 mcgnae
718 3134 900 3199 reverentiae
925 3158 1138 3220 personarum,
1161 3136 1311 3201 canonica

308 3243 401 3307 illum
437 3243 626 3309 auctoritate
662 3245 836 3329 prohibuit,
860 3268 899 3311 ne
936 3247 1040 3311 locum
1058 3247 1140 3331 juris
1175 3247 1310 3313 ecclesia

309 3353 532 3420 Dunelmensis
557 3354 617 3419 sibi
643 3363 817 3440 usurparet,
840 3363 873 3422 ct
900 3357 944 3422 sic
970 3381 1129 3423 sacrorum
1153 3381 1310 3424 canonum

308 3473 342 3530 et
365 3466 510 3532 fraternae
534 3466 675 3531 caritatis
691 3468 825 3532 violator
840 3469 997 3534 existeret.
1041 3471 1088 3534 At
1109 3469 1162 3535 ille
1177 3470 1310 3554 indigna

307 3577 505 3663 respondens,
531 3578 610 3643 illud
630 3578 826 3661 prohibitum
850 3579 960 3644 nichili
983 3581 1104 3664 pendit.
1151 3582 1213 3646 Sed
1236 3605 1308 3646 cum

307 3688 363 3755 illo
384 3689 586 3773 pervenisset,
603 3697 764 3774 correptus
790 3689 990 3773 infirmitate,
1004 3692 1080 3756 dum
1105 3693 1230 3772 rediret,
1245 3715 1309 3758 uon

307 3799 403 3883 longe
439 3799 479 3864 ab
516 3801 656 3864 Eboraco
689 3800 723 3864 in
756 3801 938 3866 Seteriutuu
973 3802 1073 3867 vitam
1111 3804 1308 3869 terminarit.

307 3909 424 3974 Taliter
438 3909 598 3975 ecclesiam
614 3911 651 3975 de
665 3910 858 3976 Tinemutha
872 3913 1044 3980 amisimus.

351 4021 429 4084 Haec
444 4021 637 4104 querimonia
652 4021 735 4087 facta
749 4023 881 4088 Eboraci
897 4024 1000 4088 media
1015 4024 1112 4090 ferme
1123 4023 1305 4106 Quadrage·

306 4129 397 4209 sima,
413 4130 582 4215 replicatur
595 4132 688 4214 paulo
711 4139 786 4218 post
809 4133 843 4196 in
866 4133 1040 4198 ebdomada
1062 4133 1205 4199 Paschsli
1228 4133 1306 4198 feria

306 4241 365 4306 IV.
403 4241 475 4304 idus
512 4241 631 4325 Aprilis
667 4242 819 4308 Dunelmi
857 4265 961 4308 coram
1000 4265 1116 4328 magno
1145 4249 1304 4309 conventu

305 4350 523 4436 principalium
549 4351 699 4431 virorum,
725 4353 778 4436 qui
804 4359 880 4417 tunc
911 4353 990 4419 sorte
1020 4359 1146 4439 propter
1175 4356 1305 4440 negotia
