3298 5162
406 631 468 696 30ss
823 643 993 688 uenenum.

405 801 437 854 de
449 817 609 870 gersumme,
621 801 649 852 et
660 795 819 851 tantundem
832 795 910 850 modo
926 795 1051 850 reddebat
1070 795 1175 867 hogero
1194 797 1293 867 Bigotn
1311 801 1342 851 ut
1353 797 1408 866 ipse

405 887 561 959 prepositus
573 885 646 948 dicit,
658 884 704 938 sed
724 883 844 952 Rugerue
862 881 928 936 dicit
946 883 1016 953 quod
1034 882 1160 938 reddebut
1173 883 1231 955 plur
1244 884 1302 938 XL.
1314 883 1409 938 solidos

406 973 438 1028 ed
452 989 601 1036 numerum,
614 973 641 1025 et
654 989 734 1024 unam
753 987 870 1023 mercem
887 968 954 1032 nuri,
972 969 1017 1024 ned
1030 969 1156 1024 Aluricus
1175 971 1332 1041 prepositus
1350 987 1410 1024 eon·

406 1059 523 1122 tradicit,
536 1063 564 1112 et
576 1058 696 1128 Rogerus
710 1055 768 1110 vult
780 1053 888 1127 prebere
901 1074 948 1126 per
961 1055 1020 1109 illos
1039 1055 1158 1110 homines
1172 1055 1217 1126 qui
1230 1055 1263 1110 nd
1277 1075 1338 1109 snus
1350 1075 1410 1110 con·

407 1145 545 1200 ventioues
558 1144 672 1198 suerunt.
693 1143 775 1197 Modo
788 1141 874 1196 reddit
886 1142 932 1196 ille
945 1143 1069 1196 Aluriens
1084 1140 1141 1196 LX.
1154 1141 1234 1195 libres
1247 1141 1279 1193 ad
1288 1160 1408 1210 pensum,

406 1237 435 1287 et
456 1231 493 1286 sie
510 1235 585 1286 tenet
600 1231 633 1285 de
651 1248 712 1301 rege
728 1227 776 1284 tali
796 1228 969 1283 conventione
987 1228 1057 1299 quod
1077 1225 1155 1281 debet
1174 1225 1257 1279 fecere
1276 1225 1332 1294 regi
1350 1225 1409 1278 LX.

406 1318 488 1374 libres
505 1319 537 1374 de
555 1317 679 1390 proficuo,
693 1321 719 1372 et
737 1335 767 1370 ex
787 1315 835 1370 boe
854 1319 959 1370 revocat
977 1333 1065 1383 regem
1084 1312 1117 1366 ed
1131 1316 1285 1374 warantum,
1298 1312 1334 1364 nin
1354 1311 1410 1380 ipse

408 1407 482 1470 dicit,
495 1409 522 1460 et
541 1405 607 1460 dicit
620 1405 702 1459 etinm
715 1403 784 1474 quod
803 1421 855 1456 non
867 1405 986 1456 remanet
1005 1401 1031 1452 in
1051 1417 1081 1453 eo
1100 1399 1170 1469 quod
1189 1416 1242 1452 nou
1261 1397 1324 1452 feeit
1342 1397 1410 1452 illud

408 1493 561 1566 proficuum.
599 1491 640 1546 Ib.
653 1492 705 1548 287
719 1491 743 1544 b.

408 1777 525 1846 [Eume
537 1795 556 1832 ι
575 1777 728 1832 Ferrum.
775 1775 873 1829 Puoor
892 1789 930 1828 nr
949 1773 1068 1828 onom
1087 1787 1228 1828 orrrnun.
1265 1772 1410 1827 Vennum

796 1877 831 1917 ro
850 1860 1022 1930 iterumn]

445 1969 526 2024 Hune
545 1966 682 2022 Edricum¹
703 1964 807 2020 saisivit
824 1983 869 2020 rex
888 1963 1036 2020 Edwardus
1054 1964 1083 2018 in
1101 1983 1150 2020 ene
1161 1982 1242 2018 manu
1255 1966 1346 2034 postea
1358 1981 1410 2016 non

408 2057 475 2112 vidit
501 2054 617 2109 hundret
635 2057 666 2108 ut
689 2053 722 2107 nd
740 2051 869 2107 Edrieum
887 2051 1025 2106 dominum
1043 2070 1122 2106 nuum
1149 2050 1255 2114 rediret,
1275 2051 1320 2106 ned
1348 2055 1412 2104 tune

407 2143 464 2214 ipse
484 2141 549 2196 dicit
567 2144 595 2196 et
613 2140 689 2194 oll'ert
703 2138 833 2211 juditium
851 2139 921 2210 quod
939 2138 1026 2203 rediit,
1045 2142 1072 2192 et
1093 2137 1189 2193 liberos
1207 2138 1327 2192 homines
1346 2156 1411 2208 qnos

408 2229 489 2284 hebet
513 2228 562 2283 sub
586 2247 613 2282 ne
637 2227 831 2282 eommendutoe
856 2229 938 2290 tenet,
962 2229 989 2280 et
1013 2245 1045 2279 ex
1069 2225 1107 2279 eie
1132 2229 1236 2280 revocet
1266 2224 1410 2279 Rnbertum

408 2319 564 2372 merentum.
601 2313 642 2370 Ib.
656 2315 716 2369 311.

406 2611 539 2681 [Renum
559 2610 707 2666 Funerum.
745 2609 845 2666 Pnoor
865 2625 990 2666 murum
1013 2625 1073 2664 ιιιιι
1099 2609 1253 2665 Iluunnru
1277 2625 1412 2666 orreum>

735 2703 897 2752 “oneremur
918 2697 1082 2766 nunreue.”]

442 2801 521 2855 Hanc
540 2805 637 2855 terrem
658 2801 699 2870 [in
718 2800 900 2871 Oehbenhele]
919 2800 1125 2872 calumpniatur,
1144 2801 1275 2856 liebertus
1294 2800 1413 2856 Perdene

406 2887 486 2943 homo
505 2887 612 2942 Gudrini
634 2887 754 2958 dapiferi,
766 2888 799 2942 ad
822 2887 970 2942 manerium
990 2889 1060 2958 regie
1080 2889 1113 2943 de
1135 2887 1290 2952 Melueeem,
1302 2893 1329 2943 et
1347 2887 1413 2943 dicit

406 2975 476 3046 qnod
489 2975 613 3029 Galterus
627 2974 722 3028 Dednl²
737 2976 825 3029 tenuit
836 2974 942 3045 qrrnndo
960 2975 1099 3039 forisfecit,
1112 2979 1140 3030 et
1158 2974 1206 3029 hoc
1225 2975 1284 3029 vult
1302 2974 1413 3045 probare

407 3067 500 3117 oontre
512 3065 599 3116 tutum
613 3061 740 3124 hundred,
754 3061 878 3116 omnibus
890 3061 1003 3134 legibus.
1042 3061 1082 3116 lb.
1100 3063 1160 3120 371.

580 3363 692 3433 [Annon
711 3377 747 3417 or
766 3359 809 3416 Su.
830 3361 963 3416 Enuunu
977 3361 1011 3430 (i)
1026 3377 1088 3417 unu
1106 3362 1247 3432 Ronuun]

445 3467 545 3522 Eodem
569 3471 687 3538 tempere
711 3464 821 3520 fuerunt
844 3464 928 3521 furati
953 3467 1014 3538 equi
1039 3467 1152 3532 inventi,
1177 3467 1205 3522 in
1229 3467 1308 3523 domo
1334 3467 1412 3523 istius

409 3553 552 3626 Brungari,
565 3555 603 3609 ite
620 3553 691 3625 quod
710 3553 790 3607 ebbae
810 3552 885 3608 cuiue
904 3549 956 3608 fuit
973 3571 1034 3608 soen
1052 3557 1078 3609 et
1090 3573 1150 3609 seen
1162 3559 1189 3609 et
1202 3553 1354 3611 Rodbertue
1366 3555 1413 3627 qui

409 3641 504 3697 hebuit
522 3639 776 3696 commendationem
799 3659 879 3710 super
896 3639 981 3694 istum
1002 3639 1210 3711 [Brungurum],
1229 3646 1360 3697 venerunt
1380 3641 1413 3696 de

409 3730 459 3785 hoe
483 3729 554 3783 furtu
574 3728 608 3782 ed
638 3727 765 3798 placitum
790 3733 818 3782 et
847 3727 885 3781 sic
915 3726 1034 3780 hundred
1060 3731 1184 3784 testetur.
1229 3728 1414 3784 Discesseruut

409 3815 584 3871 amicabiliter
596 3815 653 3869 uiue
666 3814 762 3869 iuditio
774 3813 844 3885 quod
858 3813 973 3868 vidieeed
987 3814 1113 3868 hundret.
1151 3815 1193 3870 Ib.
1207 3817 1258 3868 401
1272 3817 1297 3871 b.

447 4022 622 4079 ¹1ldriehud
645 4021 815 4077 commended
835 4023 947 4079 himself
967 4025 1032 4080 with
1054 4025 1096 4080 hie
1121 4026 1198 4081 lende
1223 4027 1276 4083 und
1299 4045 1360 4082 men
1385 4031 1414 4081 to

410 4113 521 4169 another
539 4111 628 4175 hidrio,
639 4109 699 4164 who
716 4110 770 4166 hed
789 4109 854 4165 been
867 4111 1000 4167 outlnwed
1012 4112 1048 4184 by
1062 4112 1178 4168 Edwerd
1196 4114 1242 4168 the
1261 4113 1413 4178 confessor,

411 4201 464 4258 und
482 4198 636 4254 esterwerds
656 4198 791 4268 pardoned
808 4199 862 4254 eud
883 4200 1001 4254 restored
1019 4205 1047 4255 te
1066 4200 1108 4256 his
1126 4202 1231 4272 righte3
1257 4203 1414 4274 permission

410 4289 492 4357 being
505 4285 585 4357 given
597 4285 631 4338 ell
646 4283 688 4338 hie
701 4303 760 4339 men
774 4289 801 4339 tn
814 4289 914 4341 return.
952 4287 980 4342 It
993 4307 1046 4342 wne
1065 4289 1167 4360 alleged
1180 4290 1241 4345 thet
1257 4290 1303 4345 the
1320 4289 1414 4344 nhove-

412 4371 563 4430 mentioned
576 4371 659 4424 Eldric
671 4371 724 4425 hed
737 4375 785 4426 not
797 4374 933 4427 returned.
1159 4376 1169 4408 ²
1188 4377 1220 4431 de
1234 4376 1305 4432 Doli’
