3286 5142
692 689 801 734 ianuar
824 689 846 732 1.
1207 668 1267 729 129

557 840 644 906 [Alias
655 842 715 891 rrrit
727 842 756 889 of
763 840 898 890 execution
910 839 981 906 (9)]ι

316 957 481 1033 Hannone,
501 960 753 1042 rexAnglorum,
767 961 910 1044 episcopo
928 959 1037 1024 Sancti
1047 958 1163 1035 David,
1182 955 1266 1020 salu·

269 1071 342 1129 tem.
388 1069 538 1152 Praecipio
550 1070 632 1154 quod
645 1071 789 1134 monachi
800 1071 1004 1135 Gloucestriae
1019 1070 1155 1134 habeant
1170 1067 1267 1152 saysi-

269 1197 341 1238 nam
359 1200 447 1242 suam
470 1179 508 1244 de
530 1181 657 1244 ecclesia
683 1203 739 1244 sua
761 1181 799 1244 dc
816 1181 955 1264 Dugledi
973 1187 1006 1245 et
1028 1179 1175 1244 omnibus
1199 1177 1268 1261 ejus

269 1289 466 1370 pertiuentiis
481 1293 527 1354 ita
541 1293 619 1357 bene
635 1301 667 1357 et
685 1294 718 1356 in
734 1315 809 1377 pace
830 1293 913 1356 siout
927 1291 999 1356 inde
1014 1291 1132 1356 habent
1147 1297 1266 1353 cartam

268 1400 499 1482 praedooessoris
514 1403 562 1467 tui
577 1405 615 1468 de
630 1404 827 1468 concessione
845 1410 909 1481 tua,
936 1412 969 1468 et
996 1405 1078 1468 sicut
1101 1424 1170 1467 eam
1194 1409 1269 1465 autc

268 1512 555 1579 transfretationem
583 1537 685 1579 meam
708 1523 862 1599 praecepto
886 1538 954 1579 meo
976 1523 1009 1580 et
1026 1513 1146 1598 judicio
1169 1511 1269 1576 sinodi

268 1630 331 1686 tuae
346 1623 639 1704 dirationaverunti
659 1632 692 1690 et
707 1627 790 1690 sicut
806 1628 862 1689 hoo
878 1633 987 1711 postea
1001 1648 1055 1708 per
1066 1625 1165 1708 ipsam
1175 1645 1269 1708 syno-

268 1735 345 1799 dum
365 1739 561 1822 recognitum
587 1740 651 1802 fuit
674 1739 757 1824 quod
779 1762 815 1802 ea
837 1740 883 1802 ita
905 1739 1179 1802 dirationaverant.
1225 1737 1269 1799 Et

268 1847 431 1929 superhoc
448 1871 510 1911 non
534 1850 685 1931 placitent
711 1849 859 1932 amplius.
904 1849 996 1912 'Peste
1023 1847 1145 1911 Milone
1170 1846 1268 1910 Glou-

268 1958 389 2022 oestriae
404 1959 488 2042 apud
505 1963 694 2042 Argentum.

302 2091 369 2155 [The
381 2098 478 2142 matter
489 2109 542 2143 was
554 2095 650 2145 settled
661 2095 696 2158 by
708 2095 753 2144 the
765 2095 896 2158 following
907 2098 985 2157 grant
996 2095 1063 2143 from
1075 2095 1174 2143 Walter
1182 2093 1234 2157 =-]

314 2207 424 2274 Sciant
449 2217 616 2292 praesentes
650 2217 682 2274 et
712 2208 822 2276 futuri.
848 2210 947 2272 totius
972 2211 1096 2272 Sanctae
1124 2208 1269 2273 Ecclesiae

269 2317 335 2396 filii,
351 2320 501 2402 quatinus
516 2318 688 2383 Walterius
708 2320 791 2384 filius
808 2320 973 2406 Wytsonis
995 2319 1130 2384 reddidit
1145 2327 1178 2384 ct
1195 2342 1269 2384 con·

268 2429 361 2492 cessit
376 2429 443 2492 Deo
458 2436 490 2494 et
507 2431 623 2493 Sancto
637 2431 728 2494 Petro
743 2430 850 2495 abbati
866 2438 898 2494 ct
913 2430 1079 2494 conventui
1105 2431 1144 2495 de
1168 2430 1267 2492 Glou-

268 2541 381 2603 cestria
405 2539 566 2604 ec'clesiam
605 2541 727 2604 castelli
753 2542 920 2626 Wytsonis
957 2541 995 2604 de
1030 2541 1202 2624 Dugledin‚
1237 2549 1270 2605 et

268 2672 376 2714 omnes
391 2651 534 2715 ecclesias
549 2658 581 2715 et
601 2650 735 2736 capellas
757 2657 847 2715 terrae
869 2674 943 2728 suae,
965 2651 1102 2716 decimas
1121 2659 1154 2716 ct
1176 2652 1268 2716 benc·

268 2760 348 2838 ficia,
363 2767 396 2826 et
414 2766 513 2826 terras
528 2767 560 2826 et
576 2766 677 2826 totam
693 2761 894 2826 donationem
910 2760 1048 2847 plenarie
1063 2783 1157 2845 quam
1180 2767 1270 2846 pater

267 2895 343 2937 suus
359 2871 475 2958 Wytso
490 2873 644 2958 praedictae
659 2873 793 2937 ecclesiae
809 2873 948 2937 donavit.
996 2873 1064 2935 lsta
1086 2871 1219 2936 redditio
1237 2879 1270 2935 et

267 2984 422 3047 concessio
444 2983 504 3047 fuit
533 2982 615 3045 facta
637 2981 669 3044 in
694 2984 856 3066 pracsmtia
883 2982 1019 3068 episcopi
1047 2983 1200 3047 Bernardi
1230 2983 1269 3048 de

155 3137 158 3145 -
269 3091 512 3158 SrirrctoDavid.
544 3092 616 3156 Hiis
633 3093 776 3169 testibus,
794 3105 853 3158 etc.
884 3095 1017 3177 [Names
1032 3102 1089 3159 not
1103 3095 1224 3178 given.]

272 3375 426 3459 [Caraca
442 3392 481 3437 or
499 3375 550 3439 Sr.
568 3375 674 3437 Parsa
687 3393 726 3436 ou
743 3373 955 3438 Gnoucnsruu
969 3399 997 3440 o.
1011 3377 1105 3440 Mino
1127 3395 1166 3439 sr
1187 3376 1270 3460 ιιι]2

269 3509 335 3574 [The
353 3507 440 3571 king's
458 3509 519 3558 writ
537 3509 686 3571 forbidding
701 3510 745 3556 the
761 3509 915 3558 defendente
927 3514 954 3558 to
965 3515 1040 3559 enter
1050 3511 1151 3560 certain
1162 3517 1269 3574 pastura

495 3587 556 3635 land
567 3587 644 3650 giren
656 3591 683 3636 to
694 3588 738 3636 the
750 3587 847 3636 ohurch
859 3587 889 3636 of
902 3587 941 3638 St.
953 3587 1052 3652 Putea]

270 3690 452 3767 HuaachS,
479 3713 533 3752 rex
560 3688 697 3772 Angliae,
722 3687 837 3752 Miloni
869 3689 1085 3770 Glouccstriae,
1110 3697 1142 3755 et
1170 3691 1210 3756 G.
1230 3691 1268 3755 dc

268 3799 414 3877 Abithot,
430 3804 463 3862 et
489 3798 625 3882 Hugoni
641 3798 768 3878 villano,
786 3804 818 3861 ot
845 3799 1005 3864 forestario
1026 3801 1063 3865 de
1080 3801 1268 3882 Malvernio,

267 3911 412 3976 salutem.
457 3908 606 3992 Praecipio
630 3931 693 3972 non
724 3907 947 3973 intromittatis
972 3933 1027 3974 vos
1050 3910 1088 3975 de
1111 3911 1203 3976 bosco
1229 3913 1267 3976 de

269 4023 485 4109 Wyvelrugge
523 4025 556 4085 et
589 4019 627 4083 do
662 4019 838 4098 Corswclle,
864 4020 947 4105 quod
971 4026 1020 4085 est
1045 4023 1154 4087 Sancti
1180 4025 1266 4089 Petri

268 4132 484 4206 Glouccstriae,
510 4131 582 4216 quia
606 4129 697 4194 illum
721 4129 793 4194 dedi
819 4131 979 4195 monachis
1004 4133 1208 4199 Gloucestriae
1232 4133 1265 4199 in

266 4245 478 4322 elemosinam,
495 4244 566 4307 ctc³

290 4397 298 4430 ¹
319 4399 330 4445 l
344 4397 437 4445 Clrron.
451 4395 520 4442 Mon.
534 4391 622 4440 Glonc.
634 4391 682 4441 265
696 4389 768 4456 (Res.
780 4391 871 4454 Com).
954 4393 965 4424 ¹
983 4394 1021 4444 lb.
1034 4395 1089 4444 268.
1164 4395 1175 4428 ³
1194 4397 1245 4445 Sic.

1117 4507 1137 4550 l(
