3286 5142
691 632 800 677 uranu
825 634 846 677 1.
1212 612 1272 674 113

324 832 479 916 [Caunos
494 857 534 900 rr
549 838 728 900 Aurunuou
743 859 770 902 o.
786 838 858 900 ‘rna
876 835 997 900 Krus's
1013 835 1228 900 Conmorous.

712 949 835 1031 1119]Ι

275 1091 376 1158 [Laude
387 1096 414 1144 in
426 1097 565 1147 Berkshire
573 1098 701 1162 sdjndged
708 1102 755 1147 not
761 1098 862 1162 subject
873 1101 902 1146 to
912 1101 973 1156 tnx3
989 1112 1006 1146 a
1013 1112 1075 1146 man
1085 1095 1115 1145 of
1122 1097 1168 1145 tha
1176 1095 1272 1145 obnroh

235 1179 240 1192 “
303 1173 1237 1240 mnkingoathataoonntyoourtoonccrningthsfresdomofthcland]

270 1300 368 1364 Aureo
399 1299 469 1365 ΙΙΙ.
491 1309 562 1386 post
594 1301 718 1366 obitum
751 1300 862 1365 Faritii
893 1300 1028 1380 abbatis,
1062 1323 1135 1364 cum
1169 1301 1272 1365 adbuc

269 1410 396 1476 abbatia
410 1412 476 1476 baec
491 1412 525 1476 in
541 1413 718 1477 attentione
733 1412 857 1477 abbatis
872 1410 994 1492 fuisset,
1004 1417 1037 1476 et
1060 1434 1079 1475 a
1093 1410 1270 1476 considera·

269 1521 356 1587 tione
371 1523 458 1606 regia
472 1522 512 1587 ad
535 1523 568 1587 id
586 1522 831 1608 adipiscendum,
846 1521 1021 1586 dominium
1045 1521 1180 1585 ecclesiae
1203 1529 1271 1586 erat

269 1633 415 1719 quietum
429 1657 448 1699 a
462 1635 565 1720 geldis
580 1658 649 1719 quae
663 1633 875 1718 exigebantur
888 1634 923 1697 in
937 1634 1092 1698 comitatu
1114 1633 1269 1698 universo.

271 1745 350 1809 Sed.
368 1752 475 1810 tamen
513 1745 547 1808 in
584 1745 738 1809 comitatu
762 1744 962 1809 Berchescira
998 1767 1017 1807 a
1053 1743 1270 1808 collectoribus

270 1855 405 1938 amplius
449 1856 635 1939 exigebatur
672 1878 769 1941 quam
805 1854 978 1919 debebatur
1022 1853 1061 1918 de
1096 1853 1271 1938 gildatione

269 1964 404 2029 ecclesiae
419 1965 619 2050 contingenti
630 1992 647 2044 ς.
663 1971 695 2029 et
709 1967 768 2029 hoc
783 1964 974 2049 frequenter.
1021 1964 1115 2028 Unde
1135 1964 1271 2029 clamore

269 2074 353 2160 apud
368 2075 489 2160 regiam
498 2074 660 2158 justitiam
676 2073 771 2154 facto,
785 2074 948 2138 decretum
963 2078 1021 2154 est,
1035 2081 1072 2138 ut
1097 2074 1210 2158 aliquis
1232 2075 1271 2139 de

270 2185 405 2250 ecclesia
429 2186 569 2250 affidaret
594 2184 657 2250 fide
680 2185 715 2248 in
739 2184 893 2250 comitatu
913 2184 1065 2269 prodictu
1087 2192 1165 2270 quot
1188 2184 1272 2249 hidis

269 2296 435 2361 dominicis
449 2296 578 2361 ecclesia
591 2296 717 2361 deberet
731 2295 877 2381 quietari,
888 2295 1007 2360 scilicet
1021 2317 1077 2380 per
1090 2296 1272 2380 episcopum

271 2405 1075 2490 salesberiensemltogerum,etperLincolniensem
1086 2406 1271 2486 Robertum,

269 2523 303 2582 et
326 2517 523 2582 Rannulfum
556 2516 787 2595 cancellarium,
813 2515 868 2600 qui
906 2517 1095 2580 nominatim
1132 2517 1270 2580 multum

269 2627 394 2712 adjuvit
429 2628 513 2707 inde,
547 2634 580 2692 et
617 2627 789 2691 Radulfum
827 2629 948 2691 Basset.
995 2627 1108 2712 Itaque
1145 2627 1271 2692 sedente

269 2741 424 2805 comitatu
449 2738 533 2825 apud
557 2739 742 2817 Suttnnam,
767 2745 800 2803 et
824 2738 985 2803 Willelmo
1008 2738 1048 2803 de
1072 2739 1271 2804 Bochelande

269 2851 453 2916 vicecomite
489 2849 654 2929 existente,
690 2849 740 2914 die
777 2849 859 2914 luna
896 2855 969 2934 post
1004 2848 1121 2915 festum
1160 2851 1270 2916 Sancti

269 2961 404 3028 Martini
418 2962 572 3047 proximo,
583 2962 725 3044 Rogatus
740 2960 779 3026 de
796 2960 998 3039 Hartelvilla,
1011 2961 1106 3026 homo
1122 2961 1269 3041 ecelesia,

268 3098 325 3159 pro
348 3074 477 3140 ecclesia
498 3072 639 3137 affidavit
665 3073 758 3137 fidem
784 3071 819 3136 in
841 3095 938 3137 manu
953 3071 1051 3157 ipsius
1066 3073 1270 3151 vicecomitis,

268 3187 395 3252 vidente
420 3192 490 3251 toto
515 3184 677 3263 comitatu,
701 3183 787 3269 quod
812 3184 852 3247 de
878 3184 992 3268 septies
1016 3183 1094 3249 XX.
1120 3184 1203 3249 hidis
1229 3186 1268 3250 de

268 3298 408 3363 dominio
433 3296 560 3362 deberet
596 3294 725 3360 abbatia
754 3295 788 3359 in
819 3295 1020 3359 Bercbescira
1048 3318 1114 3360 esse
1151 3297 1268 3380 quieta,

268 3407 394 3495 quando
419 3407 602 3491 gildaretur.
647 3405 736 3469 'Ibno
751 3413 818 3470 erat
833 3404 981 3470 collector
999 3406 1170 3471 comitatus
1186 3408 1267 3471 AEd-

268 3520 386 3584 uuinus
410 3518 573 3602 presbyter
598 3515 637 3580 de
662 3515 756 3594 Celsi,
773 3521 806 3580 et
832 3515 960 3580 Samuel
986 3514 1072 3579 filius
1092 3516 1171 3602 ejus.
1216 3519 1268 3583 Ibi

268 3633 398 3696 fuerunt
435 3627 473 3692 de
510 3626 638 3704 nostris,
661 3625 821 3691 Robertus
858 3625 998 3705 sacrista,
1029 3631 1064 3690 et
1086 3625 1269 3693 Willelmus

269 3743 371 3820 Brito,
393 3746 426 3805 et
447 3738 528 3802 alter
550 3736 731 3801 Willelmus
764 3737 947 3815 monachus,
973 3745 1006 3800 et
1021 3736 1201 3801 Willelmus
1230 3740 1269 3805 de

269 3850 460 3929 Snvecurda,
483 3854 515 3913 et
550 3845 728 3920 Turstinua
755 3853 788 3912 et
822 3847 979 3912 Radulsus
1011 3849 1209 3928 camerarius,
1236 3858 1269 3917 et

267 3963 363 4030 multi
378 3961 442 4027 alii.

473 4108 482 4140 ¹
500 4109 515 4156 2
533 4107 603 4156 Hist.
615 4106 684 4155 Mon.
696 4106 808 4169 Abiugd.
822 4107 872 4156 160
883 4106 954 4170 (Rea
968 4105 1061 4166 Com).
