3280 5132
715 651 824 697 sarar
846 653 1137 696 1..
1247 633 1289 697 85

290 823 363 865 cum
379 801 519 886 praedicti
533 739 732 887 placitatores
751 805 922 870 Fulbertus
937 804 1056 870 scilicet
1070 803 1108 870 de
1122 803 1294 884 ΟἰΠοΙιιιιιι,

292 914 466 979 Rotbertus
504 914 604 994 Fillel,
644 916 763 981 Haimo
798 917 886 981 filius
919 914 1048 996 Vitalis,
1086 922 1119 982 et
1155 916 1291 980 Brother

291 1024 443 1108 presbiter
472 1025 587 1110 aliique
615 1027 747 1092 barones
776 1027 1001 1114 quamplurimi
1032 1049 1106 1092 oum
1141 1027 1290 1112 predicto

292 1135 456 1216 Rotberto,
468 1137 499 1200 vi
509 1159 544 1203 ao
556 1144 673 1203 terrore
681 1139 763 1224 regii
772 1139 920 1218 nominis,
928 1138 1141 1205 Bataliensem
1150 1137 1292 1202 adissent

291 1246 423 1328 curiam,
438 1255 470 1314 et
488 1250 557 1334 jam
582 1251 660 1316 hora
673 1250 793 1316 tardior
807 1257 932 1316 noctem
948 1251 1122 1331 minitaret,
1137 1249 1291 1334 placitum

291 1357 438 1424 dominus
463 1360 652 1426 Gausfridns
677 1361 878 1447 persuasione
902 1361 963 1427 etsi
988 1383 1070 1446 aegre
1092 1360 1128 1424 in
1151 1360 1291 1445 primum

291 1467 453 1535 Dominici
468 1472 624 1538 adventus
649 1472 732 1537 diem
757 1472 989 1538 recrastinavit.
964 1471 1183 1536 tHabebat
1205 1470 1291 1536 enim

291 1579 474 1662 quoddam
464 1603 500 1646 ru
514 1603 547 1646 se
561 1582 751 1661 memoriale,
768 1582 917 1667 quatinus
931 1582 1064 1667 agendis
1087 1581 1292 1646 exterioribus

291 1689 333 1753 ad
356 1692 538 1755 memoriam
561 1698 757 1776 posterorum
779 1715 845 1757 non
870 1692 972 1757 solum
999 1692 1134 1758 seniores
1157 1692 1292 1757 fratrum

292 1801 346 1866 sed
360 1807 394 1867 et
403 1801 544 1885 juniores
565 1801 716 1866 interesse
742 1809 931 1885 procuraret,
945 1808 979 1868 et
1004 1802 1134 1867 tardiori
1157 1801 1191 1867 id
1216 1803 1294 1868 hora

292 1917 370 1976 tunc
400 1911 467 1977 fieri
497 1911 616 1976 ordinis
653 1911 795 1976 custodia
830 1911 1027 1996 prohibebat.
1071 1913 1185 1998 Itaque
1220 1920 1294 1998 post

292 2023 473 2106 opulentam
495 2022 745 2107 hospitalitatem
760 2022 846 2087 curia
860 2028 991 2102 statuta,
1006 2022 1292 2090 circumassidenti-

293 2133 352 2198 bus
392 2133 453 2199 sibi
495 2133 654 2212 fratribus,
686 2134 897 2198 summonitos
931 2133 1118 2199 Gausfridus
1155 2135 1292 2200 affatur:

294 2244 484 2310 “Quoniam
500 2243 544 2308 mi
559 2243 695 2309 seniores
709 2243 862 2308 canssimi
877 2245 1023 2330 prasenti
1039 2267 1094 2310 vos
1114 2245 1294 2330 praemoniti

294 2355 449 2420 intulistis
474 2355 576 2435 ouria,
592 2359 701 2419 utrum
724 2354 925 2420 rectitudinis
951 2355 1025 2421 hinc
1050 2356 1237 2442 exequendae
1262 2365 1295 2422 et

295 2466 478 2552 recipienda
503 2489 596 2532 causa
611 2465 801 2531 adveneritis
824 2466 999 2531 sciscitor.”
1043 2467 1098 2532 Illi
1123 2489 1197 2532 vero
1221 2488 1294 2533 cum

294 2601 359 2643 non
382 2578 428 2643 ibi
452 2578 507 2644 sed
533 2577 567 2642 in
592 2600 648 2643 suo
674 2577 827 2643 comitatu
854 2599 980 2642 omnem
1011 2576 1233 2642 rectitudinem
1263 2599 1296 2642 se

295 2689 406 2775 exequi
443 2689 553 2755 debere
589 2688 781 2766 insisterent,
818 2695 890 2774 post
935 2687 1105 2772 plurimam
1149 2688 1297 2752 dominus

297 2799 487 2864 Gausfridus
501 2799 746 2864 controversiam
760 2799 889 2864 intulit:
912 2803 933 2834 “
946 2798 980 2862 Si
995 2821 1071 2883 ergo
1096 2804 1134 2864 ut
1156 2799 1296 2864 asseritis

296 2933 360 2976 non
385 2909 447 2974 nisi
472 2910 507 2975 in
533 2915 638 2976 vestro
661 2909 816 2975 comitatu
837 2909 972 2994 justitias
999 2910 1171 2974 subdimini
1185 2911 1298 2990 cauam,

296 3020 441 3106 nunquid
477 3043 542 3086 nou
577 3021 672 3106 regias
708 3020 800 3085 asciti
835 3020 928 3084 curiae
965 3027 1135 3106 conquesta
1168 3021 1297 3088 definire

296 3133 446 3198 vetaretis
459 3133 501 3198 l'’
524 3133 756 3216 “Nequaquam
759 3133 792 3211 ,''
804 3131 963 3216 inquiunt.
988 3136 1009 3167 “
1019 3132 1106 3216 Ergo
1117 3133 1297 3217 prasenti,''

297 3242 415 3329 iuquit,
430 3242 564 3321 “curiae,
591 3266 659 3328 qnae
682 3243 767 3327 regis
791 3247 891 3320 extat,
913 3242 971 3308 hac
995 3242 1117 3308 ratione
1144 3244 1297 3308 contraire

297 3353 502 3437 nequibitis.”
548 3352 612 3418 Qui
635 3374 708 3417 oum
722 3351 756 3417 vi
771 3351 1011 3417 ratiocinatione
1036 3352 1110 3418 freti
1126 3353 1298 3419 renitentes

298 3461 426 3527 demum
452 3485 615 3547 erumpere
640 3468 838 3541 conarentur,
860 3462 1007 3546 protinus
1032 3461 1168 3528 basilicae
1190 3464 1298 3529 valvas

297 3574 395 3660 jussit
415 3573 562 3646 obserari,
583 3571 744 3638 obtestans
766 3571 908 3656 singulos
937 3571 1031 3656 regia
1062 3573 1223 3657 majestati
1245 3597 1298 3639 ex-

298 3683 467 3770 ponendos,
505 3682 532 3746 si
569 3704 632 3746 uon
668 3682 763 3766 regia
810 3687 1036 3766 exequerentur
1076 3681 1149 3768 jura
1194 3683 1298 3751 cnrioe.

300 3797 445 3878 Cumque
492 3793 552 3857 viri
602 3791 836 3856 animositatem
883 3791 1040 3876 regiaeque
1093 3791 1299 3859 districtionis

299 3905 527 3991 recogitassent
540 3901 730 3989 aequitatem,
746 3901 875 3967 tandem
895 3901 1003 3985 pavidi
1027 3924 1145 3967 cessere
1170 3904 1299 3985 tiranni,

300 4022 333 4084 et
348 4038 380 4081 se
394 4015 461 4080 illic
475 4013 697 4107 rectitudinem
713 4012 812 4078 facere
823 4019 856 4077 et
865 4011 1000 4097 recipere
1011 4012 1091 4078 velle
1101 4013 1298 4099 profitentur.

301 4130 391 4194 Tunc
406 4125 534 4192 domino
551 4123 735 4190 Gansfrido¹
752 4121 885 4186 manerii
907 4120 946 4188 de
960 4122 1017 4186 Wi
1040 4123 1299 4207 annullationem,

341 4341 350 4375 ¹
369 4341 517 4390 “Dominus
530 4337 693 4397 Gausr‘ridns,
706 4333 787 4394 MS.,”
800 4349 860 4399 says
872 4335 917 4384 the
928 4335 1012 4386 editor
1024 4336 1053 4386 ol
1061 4337 1106 4387 the
1117 4337 1260 4390 Ohroniols.
