3286 5150
688 702 794 746 uuum
819 703 856 746 11.
1217 691 1278 750 255

276 848 446 916 comitibus
474 855 508 916 ct
535 851 660 916 ballivis
690 853 754 917 suis
786 854 824 919 de
849 854 1105 935 Glouocstresim‚
1135 858 1278 924 salutem.

278 959 427 1044 Praecipio
452 962 551 1041 vobis,
568 964 650 1048 quod
673 987 737 1029 non
763 965 957 1049 permittatis
988 969 1157 1034 monachos
1180 971 1280 1036 Glou-

277 1071 396 1136 cestriae
412 1074 520 1138 vexari
543 1075 581 1140 dc
604 1074 696 1140 bosco
723 1098 778 1140 suo
793 1076 876 1140 villae
901 1100 964 1141 suae
984 1077 1280 1164 dc'It1ffcleya,neo

277 1182 405 1247 boscum
433 1184 512 1249 illud
527 1185 566 1248 ab
584 1186 689 1269 aliquo
711 1187 839 1266 vastari,
854 1211 911 1252 nco
934 1189 1071 1272 aliquam
1086 1191 1279 1256 ¹violentiam

277 1300 334 1356 aut
354 1293 529 1359 molestiam
547 1297 595 1360 vcl
611 1297 762 1380 injuriam
789 1298 833 1362 eis
859 1298 931 1363 indo
947 1299 1024 1365 fieri.
1069 1301 1115 1365 Et
1129 1302 1278 1384 prohibeo

276 1425 316 1467 ue
341 1405 410 1487 quis
440 1404 473 1469 in
500 1429 535 1470 ea
559 1407 661 1490 suget,
686 1409 737 1472 vel
761 1409 897 1493 leporem
924 1410 1039 1494 capiat,
1071 1410 1138 1475 sine
1171 1435 1278 1477 eorum

276 1511 413 1594 licentia,
429 1538 520 1600 super
535 1516 641 1582 decem
658 1517 751 1582 libras
767 1517 981 1584 forisfacturae.
1020 1522 1112 1587 'Peste
1129 1523 1277 1588 Mansero

277 1623 367 1689 Bisot
380 1625 519 1710 dapifero
535 1627 618 1712 opud
633 1629 853 1713 Wyntoniom.

453 2145 581 2228 [Amos
601 2165 668 2209 suo
691 2147 815 2212 Mouxs
837 2166 877 2211 os
901 2148 1155 2234 Guoocusouo.]¹

276 2315 343 2380 [Tho
359 2316 444 2380 kingsts
458 2318 518 2366 writ
533 2317 665 2382 -oireming
682 2319 742 2368 thot
760 2321 805 2368 the
823 2320 903 2374 abbot
922 2321 973 2370 ond
984 2323 1077 2372 monks
1088 2323 1277 2374 ofGlouocstcr

481 2396 541 2444 hold
553 2396 581 2443 in
593 2409 672 2459 pesco
683 2396 753 2446 their
763 2401 861 2447 cssmts
872 2397 901 2447 of
913 2399 947 2446 M.
959 2399 1011 2448 ond
1022 2399 1069 2464 H.]

277 2537 461 2614 nummos,
478 2557 533 2599 rex
547 2535 675 2620 Angliae
686 2543 719 2601 ct
734 2537 799 2601 dux
814 2537 1019 2602 Noimanniae
1030 2544 1062 2602 et
1073 2540 1276 2623 Aquitanniae

253 2647 309 2712 'ct
346 2669 448 2712 comos
484 2645 689 2731 Andegoviae,
727 2647 904 2713 vicecomiti
941 2649 979 2714 de
1012 2648 1208 2716 Gloucestria
1244 2660 1277 2717 ot

274 2757 428 2822 ministris
444 2757 517 2836 suis,
533 2756 675 2823 salutem.
722 2758 869 2843 Praeoipio
881 2760 964 2844 quod
975 2760 1070 2824 abbas
1085 2767 1117 2826 et
1131 2762 1276 2826 monachi

274 2868 314 2935 dc
329 2868 524 2934 Gloucestria
539 2875 668 2934 teneant
682 2875 715 2934 ct
732 2870 870 2936 habeant
889 2871 923 2935 in
938 2894 1013 2957 poce
1028 2879 1144 2937 essarto
1159 2895 1215 2936 sua
1237 2873 1275 2938 de

275 2980 475 3067 Mayesmora
489 2986 523 3046 ct
537 2981 574 3045 de
592 2980 784 3066 Hardepyre.

537 3520 675 3605 [Momm
698 3540 737 3585 os
761 3516 1014 3602 Goouousumo]¹

273 3681 340 3747 [Tho
350 3682 436 3746 king's
447 3682 507 3732 writ
518 3681 646 3745 dimoting
664 3682 722 3730 thot
742 3681 788 3730 tho
807 3679 900 3729 monim
917 3679 947 3728 os
962 3677 1115 3728 Glouooutor
1130 3675 1197 3723 hove
1214 3685 1272 3734 pos·

435 3761 535 3811 session
546 3760 576 3808 of
583 3759 618 3807 ull
630 3757 700 3807 their
710 3757 793 3817 lunds,
805 3757 940 3816 ohurobso,
952 3755 1004 3804 ond
1012 3751 1112 3816 fithom]

273 3881 456 3961 Hmmcus,
473 3903 527 3944 rex
555 3878 693 3963 Angliae,
715 3877 781 3941 dux
796 3874 1000 3941 Normanniae
1025 3879 1057 3937 et
1081 3869 1269 3956 Aquitanico,

271 3997 304 4057 et
326 4014 429 4058 comes
455 3990 659 4075 Andegcviae,
675 3987 847 4067 Willelmo,
864 3985 924 4050 Dei
944 3983 1048 4068 gratia
1075 3980 1269 4047 Norwiocnsi

271 4104 422 4189 episcopo,
451 4109 485 4168 et
523 4101 656 4186 Hugoni
685 4099 795 4165 comiti
823 4098 861 4162 de
892 4094 1087 4174 Noriolohio,
1123 4091 1268 4158 salutem.

189 4229 191 4238 '
271 4216 391 4280 Mundo
414 4214 513 4293 vobis,
528 4219 560 4279 et
579 4211 734 4297 praeoipio,
748 4217 781 4275 et
796 4209 964 4293 diligenter
985 4228 1101 4292 precor,
1121 4204 1271 4289 quatinus

336 4400 344 4434 ¹
363 4403 377 4451 1
390 4402 484 4452 Ghron.
496 4402 565 4450 Mon.
578 4399 667 4448 Glouo.
679 4399 728 4448 268
740 4397 813 4462 (Rco.
825 4395 915 4457 Com).
1063 4391 1073 4423 ¹
1086 4395 1101 4440 2
1113 4393 1152 4440 lb.
1164 4394 1203 4439 34.
