3280 5132
270 640 276 652 ’
348 659 390 719 tt
597 677 729 720 unione
753 677 1102 724 suono-uenummoe.

346 827 430 912 quod
451 850 510 912 ego
532 828 603 892 volo
625 835 658 893 et
681 830 835 914 pincipio,
859 837 895 894 ut
926 832 1062 896 Sanetus
1092 829 1294 916 Augustinus
1316 837 1349 895 et

346 939 442 1003 abbas
465 939 572 1024 Wydo
593 963 612 1004 e
634 939 726 1004 modo
741 939 874 1006 firmiter
889 949 921 1006 ct
935 942 1103 1006 honorifice
1118 948 1225 1007 teneat
1241 963 1349 1006 omnes

346 1048 549 1114 rectitudines
572 1057 699 1114 suaset
728 1052 971 1117 consuetudines
997 1053 1037 1116 ed
1060 1055 1259 1133 Eustonores,
1281 1059 1348 1116 tam

347 1160 380 1224 iu
403 1182 600 1245 equaquam
625 1161 658 1225 in
680 1167 775 1227 terro.
820 1163 866 1226 Et
888 1161 958 1226 nolo
981 1169 1019 1226 ut
1040 1163 1176 1246 amplius
1191 1162 1306 1246 uliquis
1321 1162 1349 1227 ei
1452 1173 1458 1184 '

347 1269 420 1334 inde
443 1270 581 1356 aliquam
605 1271 753 1355 injuriam
768 1271 874 1336 faciat.
920 1272 1010 1337 Teste
1025 1272 1188 1338 Willclmo
1204 1272 1347 1358 episcopo

347 1380 564 1458 Dunelmensi,
581 1381 663 1465 apud
680 1381 896 1447 Windeshore.

353 1809 481 1894 [Aenon
495 1831 534 1875 os
556 1811 735 1874 Amnonou
753 1831 780 1875 e.
791 1808 862 1872 Tun
880 1809 1000 1872 Kmo’s
1017 1810 1210 1874 Fonusmus.
1235 1811 1349 1873 Asouc

792 1919 916 2003 1092.]ι

349 2057 418 2150 [mi
429 2085 508 2134 atnoe
520 2083 551 2132 or
562 2083 703 2146 cougnon
714 2083 817 2132 oneum
829 2096 845 2129 a
856 2081 916 2130 mu
927 2080 995 2130 nom
1013 2081 1059 2131 eno
1075 2081 1147 2144 king,
1167 2081 1350 2144 emmanung

413 2162 458 2211 the
469 2160 554 2224 king's
566 2160 689 2236 loresters
701 2163 787 2210 netto
802 2159 897 2208 molest
914 2159 961 2209 the
978 2159 1059 2209 ubbot
1074 2159 1102 2208 in
1119 2159 1161 2209 his
1171 2159 1254 2220 unde,
1266 2157 1348 2218 wood,

412 2237 606 2304 aucipastam]

347 2368 527 2432 Pnnmcmn
550 2371 657 2431 autem
672 2365 755 2430 villos
771 2364 967 2430 Uuinkeleld
981 2365 1065 2449 regis
1083 2363 1235 2430 forestarii
1251 2361 1348 2448 pluri·

347 2500 436 2542 mum
461 2476 570 2542 infesti
596 2477 722 2544 fiebant.
769 2477 862 2542 Quod
886 2499 958 2542 cum
984 2475 1046 2562 ipsi
1069 2477 1138 2562 regi
1162 2476 1285 2541 abbatis
1309 2499 1348 2542 ex

346 2593 436 2674 perte
451 2589 633 2668 deferretur,
649 2588 776 2653 illorum
801 2587 979 2652 molestiam
1004 2586 1185 2672 hujusmodi
1210 2587 1349 2652 coercuit

347 2701 508 2780 mandato,
523 2700 680 2765 Uneltero
701 2699 802 2764 eidem
824 2699 932 2764 taliter
953 2697 1092 2764 scribens
1104 2723 1159 2763 :-

379 2812 592 2891 Wuillelmus,
601 2834 656 2876 rex
667 2810 858 2895 Anglorum,
868 2809 1010 2875 Woltero
1020 2803 1111 2874 Ot'eri
1120 2809 1195 2889 filio,
1205 2808 1347 2874 sulutem.

347 2922 468 2988 Mando
484 2922 593 2987 tibist
607 2921 761 3007 precipio,
776 2926 814 2984 ut
828 2919 936 2986 abbati
958 2919 1162 2985 Abbendonae
1183 2919 1348 3005 permittas

346 3033 461 3098 hebere
484 3055 574 3096 susm
597 3036 714 3097 terrem
739 3037 773 3096 et
798 3053 888 3095 suom
914 3030 1027 3094 silvam
1052 3029 1180 3095 omnino
1205 3028 1347 3107 liberem,

346 3149 459 3228 preter
484 3142 658 3208 silvestrem
682 3141 807 3221 silvam,
832 3147 864 3207 et
887 3163 1003 3226 pascue
1028 3162 1156 3205 suorum
1181 3139 1348 3202 homiuum

346 3254 462 3319 hebeat
490 3253 523 3318 in
553 3251 699 3338 predicte
729 3251 826 3331 silva3
860 3256 893 3316 et
918 3249 989 3316 vide
1011 3273 1052 3316 ne
1073 3249 1208 3335 amplius
1230 3251 1268 3315 de
1290 3250 1348 3315 huo

346 3366 425 3431 silva
440 3365 491 3430 vel
505 3369 589 3431 terre
602 3363 750 3447 injuriam
765 3361 874 3428 abbati
895 3361 1001 3428 iacies.

374 3820 546 3905 [Bmwnnu
576 3821 731 3886 Anmosu
762 3840 829 3885 suo
859 3822 941 3901 Am,
974 3821 1116 3887 Pmnsm.
1162 3821 1314 3888 Eccnnsi-

340 3932 342 3936 ’
690 3951 830 3996 semem.
877 3933 1002 4018 1092.]⁹

347 4089 432 4156 [Τὼ]
442 4095 472 4142 ut
482 4108 499 4142 e
509 4093 591 4157 synod
602 4094 629 4143 oi
645 4093 720 4142 three
731 4095 849 4146 oonnties
860 4095 1016 4160 concerniug
1032 4095 1150 4159 disputes
1167 4097 1285 4146 between
1304 4095 1349 4145 the
1406 4065 1408 4070 Ι

578 4315 585 4348 ¹
604 4291 782 4368 euoenon.
795 4319 906 4384 Abingd.
918 4322 951 4372 ee
963 4321 1033 4384 (uae
1046 4321 1139 4386 com).

575 4395 585 4427 ²
603 4395 616 4444 1
631 4396 725 4458 Angue
737 4397 824 4458 Sacro,
835 4399 891 4448 542.
