3286 5142
694 685 804 732 unsar
827 685 864 731 11.
1248 661 1307 729 177
1391 697 1395 706 ·

296 835 405 918 quenti
421 841 454 900 et
468 835 556 900 inani
570 837 768 922 fatigatione.
813 839 895 902 Cum
910 837 1012 922 igitur
1021 837 1090 922 jam
1112 836 1194 902 nihil
1216 843 1298 902 esset

295 945 329 1007 in
359 969 420 1030 quo
448 947 654 1012 recordationi
676 947 904 1034 prosecutionis
926 971 1026 1014 causa
1054 949 1154 1034 possit
1184 947 1297 1012 merito

296 1057 476 1137 contradici,
485 1057 573 1123 curia
581 1059 669 1143 regia
677 1059 711 1123 in
721 1060 868 1124 omnibus
879 1059 1296 1146 testimoniumperhibente,

295 1188 334 1231 ex
349 1168 432 1252 regis
447 1169 649 1252 permissione
663 1169 815 1254 leguntur
829 1169 863 1235 in
878 1171 1020 1236 omnium
1035 1170 1196 1236 audientia
1206 1193 1295 1255 cyro·

294 1279 416 1362 grapha
431 1279 599 1364 emptionis
620 1289 654 1345 et
677 1281 865 1360 donationis,
880 1280 934 1346 sed
959 1285 993 1347 et
1014 1287 1108 1347 cartae
1131 1281 1295 1345 confirma·

295 1389 431 1456 tionum.
477 1390 603 1457 Quibus
635 1414 707 1457 cum
745 1391 821 1478 quid
846 1393 1045 1478 responderet
1069 1415 1141 1478 pars
1166 1392 1296 1458 adversa

295 1499 400 1565 miuus
425 1501 562 1583 haberet,
592 1501 769 1568 Gilebertus
792 1503 830 1568 de
856 1503 972 1568 Baillol
994 1525 1034 1568 ne
1057 1501 1138 1568 nihil
1161 1501 1296 1586 objicere

294 1611 513 1688 rideretur,'se
528 1613 786 1697 predecessorum
802 1635 929 1678 suorum
951 1614 1146 1699 cyrographo
1161 1613 1294 1692 audisse,

294 1720 347 1784 sed
363 1721 451 1786 nulls
465 1722 641 1806 sigillorum
655 1722 838 1787 testimonia
851 1722 887 1786 in
901 1721 945 1788 eis
960 1746 992 1788 se
1003 1746 1138 1808 appensa
1147 1728 1295 1789 causatur

294 1831 408 1896 videre.
454 1833 558 1897 Quem
572 1833 700 1896 intuens
715 1832 764 1896 vir
778 1832 966 1916 magnificus
981 1856 1017 1898 ac
1032 1834 1168 1918 prudens
1184 1833 1293 1898 Ricar-

293 1943 353 2007 dus
370 1944 420 2009 ‘de
450 1933 658 2028 Luoi'ipsiu's
683 1945 807 2010 abbatis
830 1945 936 2025 frater,
959 1950 1038 2011 tuuc
1063 1946 1185 2012 domini
1209 1947 1294 2030 regis

293 2049 425 2137 justicia
437 2054 548 2138 prima,
564 2053 675 2138 quaerit
689 2061 797 2119 utrum
812 2055 878 2140 ipse
893 2056 1037 2141 sigillum
1052 2057 1174 2122 habeat.
1221 2058 1294 2122 (luo

293 2159 450 2228 asserente
486 2187 520 2230 se
555 2163 697 2249 sigillum
726 2165 850 2247 habere,
880 2167 1043 2232 subridens
1071 2167 1121 2232 vir
1150 2166 1294 2246 illustris,

294 2273 458 2354 “Moris’'
472 2274 588 2358 iuquit,
604 2274 811 2359 “antiquitus
836 2297 899 2340 non
922 2280 990 2340 erat
1013 2275 1186 2360 quemlibet
1209 2276 1293 2341 mili-

294 2383 397 2448 tulum
413 2383 555 2468 sigillum
569 2385 693 2465 habere,
708 2384 790 2471 quod
806 2385 934 2470 regibus
942 2391 975 2451 et
990 2386 1154 2471 praecipuis
1164 2391 1293 2454 tantum

293 2496 445 2580 competit
458 2496 608 2580 personis,
623 2518 680 2561 nec
702 2495 904 2580 antiquorum
930 2486 1124 2582 temporibus
1150 2498 1295 2563 homines

293 2612 345 2692 ub
359 2628 445 2671 nunc
473 2606 645 2672 causidicos
681 2605 732 2671 vel
761 2607 935 2672 incredulos
963 2607 1087 2672 malitia
1112 2609 1295 2674 reddebat.''

295 2717 439 2802 Cumque
462 2717 692 2782 confirmationi
721 2717 854 2782 Henrici
878 2717 973 2802 regis¹
999 2717 1127 2782 senioris
1152 2719 1293 2804 calump-

292 2826 379 2890 niam
394 2826 549 2892 niteretur
563 2827 678 2894 inferre
692 2828 775 2893 idem
792 2828 981 2906 Gilebertus,
996 2851 1135 2894 asserens
1147 2829 1293 2896 abbatem

292 2943 325 3001 et
347 2939 513 3014 monachos
528 2939 655 3004 domino
669 2929 738 3022 regi
752 2961 817 3004 non
832 2962 889 3025 pro
904 2940 1052 3024 aequitate
1078 2941 1131 3005 sed
1155 2963 1210 3025 pro
1236 2964 1292 3006 vo·

292 3048 415 3114 luntate
429 3072 517 3136 posse
539 3050 731 3134 persuadere,
746 3050 892 3116 dominus
914 3073 969 3114 rex
990 3049 1123 3135 propriis
1146 3052 1292 3118 manibus

292 3167 411 3226 cartam
426 3164 458 3226 et
472 3160 614 3244 sigillum
630 3159 681 3224 avi
707 3158 758 3223 sui
780 3159 865 3244 regis
890 3160 1022 3225 Henriei
1046 3163 1291 3246 apprehendens,

291 3271 378 3336 etad
399 3271 532 3335 eundem
556 3270 754 3335 Gilebertum
775 3293 953 3351 conversus,
969 3273 1059 3336 “Per
1081 3273 1219 3354 oculos,''
1242 3275 1292 3339 in·

292 3383 373 3465 quit,
387 3386 408 3417 “
418 3382 489 3460 Dei,
513 3382 540 3445 si
563 3385 683 3444 carmin
708 3380 790 3445 hanc
813 3381 925 3444 falsum
951 3383 1150 3466 comprobare
1176 3408 1292 3470 posses,

291 3492 416 3556 lucrum
429 3489 514 3554 mille
529 3490 680 3554 librarum
695 3488 773 3553 mihi
794 3488 828 3552 in
847 3487 968 3571 Angliu
990 3491 1175 3556 conferres.”
1230 3494 1292 3558 Illo

292 3601 332 3666 ad
355 3601 430 3680 haec,
446 3605 502 3664 aut
516 3621 628 3683 parum
643 3605 699 3662 aut
714 3597 795 3661 nihil
810 3597 1028 3683 respondente,
1044 3622 1098 3664 rex
1120 3601 1292 3668 subintulit

292 3712 423 3778 verbum
438 3707 638 3774 memoriale:
661 3713 682 3744 “
696 3707 763 3787 Si,'’
779 3701 895 3792 iuquit,
907 3708 1083 3773 “monachi
1093 3711 1292 3794 persimilem

292 3827 411 3888 cartam
440 3827 473 3886 et
501 3817 773 3885 confirmationem
802 3817 985 3901 hujusmodi
1006 3818 1060 3901 jus
1083 3819 1117 3882 in
1143 3823 1291 3903 prasenti

291 3934 358 3999 loco
372 3931 492 3997 scilicet
506 3929 711 4008 clarendona,
727 3950 821 4012 quem
831 3927 1002 4012 plurimum
1014 3927 1124 4013 diligo,
1134 3953 1167 3996 se
1177 3931 1291 3999 habere

290 4048 419 4130 possent
440 4040 611 4119 ostendere,
637 4039 717 4104 nibil
742 4045 824 4104 esset
846 4039 880 4102 in
906 4059 969 4122 quo
994 4039 1038 4103 eis
1059 4041 1145 4124 juste
1168 4065 1292 4128 possem

290 4152 512 4231 contradicere,
528 4149 710 4236 quominus
722 4149 766 4214 eis
775 4149 903 4214 omnino
914 4147 1162 4216 dimitteretur.'’
1208 4153 1292 4219 Con-

325 4311 332 4344 ¹
349 4315 403 4364 'I'he
414 4313 538 4364 donution
549 4311 600 4362 had
611 4313 677 4362 been
694 4312 837 4362 confirmed
855 4313 890 4376 by
901 4313 991 4378 Henry
1004 4316 1024 4364 1.
1036 4331 1066 4366 aa
1082 4317 1142 4367 well
1158 4333 1189 4368 aa
1199 4319 1235 4382 by
1247 4320 1293 4370 tho

291 4395 345 4443 earl
357 4394 387 4442 ol
400 4394 448 4444 llu.
482 4392 576 4442 Obron.
588 4391 658 4441 Mon.
670 4391 703 4440 ds
715 4390 795 4448 Bello,
807 4391 862 4440 105.

1142 4503 1164 4547 N
