3280 5132
700 630 810 675 numu
832 631 856 677 1.
1250 613 1291 674 93

305 809 478 893 [Wmumu
501 827 540 871 oe
564 807 585 870 J
589 826 729 872 uuxueus
750 829 777 872 v.
802 809 916 872 Auuou
942 807 1107 872 Fiuumue.
1155 807 1280 889 1106]ι

290 969 358 1034 [The
369 969 455 1032 king's
466 971 527 1020 weit
539 969 668 1032 direoting
678 969 724 1019 the
741 969 883 1018 defendent
899 972 927 1018 to
943 973 1035 1018 retum
1052 969 1151 1018 certain
1169 971 1293 1031 property

353 1053 383 1097 to
394 1048 440 1096 the
450 1049 577 1110 pluiutiff;
600 1049 655 1096 uleo
666 1048 725 1096 thet
736 1047 781 1096 tho
797 1052 895 1110 oounty
912 1047 1001 1096 deoide
1021 1047 1176 1110 oouoerniug
1195 1048 1294 1096 certain

354 1128 455 1185 houeee,
468 1125 520 1174 und
531 1126 591 1174 thot
601 1126 646 1173 tho
658 1125 738 1174 ubbot
748 1129 792 1173 eet
803 1124 843 1174 hie
854 1125 972 1187 pleueure
983 1126 1140 1188 ooncerning
1148 1125 1209 1172 laud
1216 1125 1294 1188 given

355 1204 410 1252 him
418 1205 454 1267 by
464 1203 511 1253 the
521 1203 608 1266 king¹e
618 1201 700 1267 vrit]

294 1328 478 1406 Hemone,
504 1349 559 1392 rex
589 1326 725 1412 Angliae,
745 1327 877 1412 Hugoui
893 1327 931 1391 de
954 1327 1154 1391 Boohelanda
1177 1334 1210 1390 et
1236 1328 1294 1391 Al·

292 1439 388 1518 brieo,
404 1438 549 1503 salutem.
595 1437 710 1501 Sciatis
726 1438 810 1522 quod
824 1438 895 1504 volo
911 1444 949 1501 ut
975 1438 1111 1501 Faritius
1135 1437 1230 1501 abbae
1256 1437 1294 1502 de

292 1549 490 1614 Abbeudouu
505 1549 615 1616 reddet
630 1549 804 1614 Willielmo
821 1550 1056 1615 Jemmetioeusi
1079 1555 1181 1614 totam
1201 1571 1294 1634 pecu-

293 1659 379 1724 niam
395 1682 494 1738 suam,
507 1659 626 1724 seilicet
640 1659 674 1723 iu
690 1682 815 1724 annona
829 1661 910 1724 sicea
919 1665 952 1724 et
963 1661 997 1723 in
1008 1659 1189 1744 pecudibus,
1198 1681 1293 1745 quam

293 1768 476 1854 apportavit
490 1769 529 1834 ad
545 1775 660 1834 terrum
676 1792 764 1834 suam
780 1769 819 1834 do
840 1769 932 1834 terris
954 1768 1034 1833 aliis.
1080 1770 1129 1834 De
1152 1770 1296 1834 domibus

293 1904 367 1946 vero
382 1887 415 1947 et
429 1880 562 1945 annonis
578 1880 697 1959 viridis,
713 1887 745 1946 et
760 1879 880 1945 caeteris
907 1880 977 1944 aliis
1003 1879 1105 1958 rebuS,
1121 1881 1177 1945 fiat
1203 1881 1295 1946 recti-

295 1992 371 2056 tudo
385 1992 473 2076 justo
483 1990 602 2074 judicio
616 1991 795 2056 comitatus.
841 1991 891 2055 De
905 1997 990 2056 terre
1003 1997 1107 2055 autem
1124 1990 1180 2056 illa
1201 1991 1297 2058 faciat

295 2102 461 2185 puediotue
490 2101 586 2165 ebbae
615 2124 704 2164 suum
733 2102 941 2178 voluntatem,
964 2101 1047 2165 siout
1070 2101 1100 2166 ei
1123 2123 1179 2186 per
1203 2102 1296 2167 breve

295 2234 401 2276 meum
430 2211 577 2291 concessi,
607 2217 640 2276 et
668 2212 749 2276 nulli
777 2211 851 2277 inde
880 2235 973 2296 super
1010 2213 1069 2276 hoo
1098 2213 1295 2298 respondeat.

235 2351 239 2360 ·
297 2325 392 2389 Teste
407 2323 569 2387 Waldrioo
584 2322 786 2401 cancellatim
810 2323 893 2408 apud
909 2324 1114 2389 Brautonam.

312 2997 470 3081 [Romen
487 2997 554 3062 Sou
570 3019 609 3063 ou
627 2999 816 3080 fletum).
834 2999 966 3065 Roeuuu
983 2999 1135 3065 Guuuuu.
1162 3001 1244 3064 1106
1254 2996 1299 3083 ?]²

299 3144 367 3211 [The
384 3147 470 3211 king'e
486 3148 546 3197 writ
563 3148 731 3213 dieohurging
746 3148 792 3199 the
808 3149 927 3212 pluiutiff
939 3149 1006 3200 from
1021 3149 1135 3214 liebility
1147 3152 1176 3198 tu
1192 3149 1239 3198 the
1255 3147 1299 3196 de·

736 3226 868 3292 rendunt]

299 3350 484 3430 Haemone,
522 3373 576 3415 rex
612 3352 751 3436 Angliae,
792 3352 932 3418 Roberto
970 3352 1111 3433 Gemuu,
1152 3353 1298 3418 salutem.

299 3458 449 3543 Praeoipio
464 3458 524 3524 tibi
550 3467 588 3525 ut
610 3461 777 3545 permittes
803 3483 870 3526 esee
893 3461 939 3525 itu
964 3462 998 3526 iu
1021 3483 1097 3546 paee
1125 3462 1299 3527 Robertum

300 3567 401 3633 filium
418 3570 547 3650 Hervei,
562 3593 634 3635 cum
650 3577 720 3637 totu
734 3577 819 3636 terra
833 3595 889 3636 suu
904 3578 936 3636 et
944 3571 1086 3656 pecunie,
1096 3571 1179 3635 siout
1187 3571 1300 3635 melius

300 3683 333 3742 et
355 3678 493 3765 quietius
517 3681 645 3745 tenebat
668 3703 738 3745 eam
767 3680 818 3744 die
846 3702 908 3764 que
937 3678 1054 3743 dedisti
1082 3701 1152 3742 eam
1182 3684 1300 3742 terram

300 3791 428 3874 regiuae,
444 3797 477 3854 et
491 3791 560 3876 ipsa
581 3777 654 3858 eum⁸
665 3798 781 3856 terram
797 3788 885 3854 dedit
899 3789 932 3852 in
948 3789 1156 3872 eleemosyna.
1166 3787 1300 3852 ecolesiae

301 3902 424 3966 Suuotae
439 3902 549 3967 Mariae
564 3902 602 3966 de
618 3901 824 3966 Abbendoua.
868 3901 914 3962 Et
929 3899 999 3962 vide
1014 3921 1055 3962 ue
1069 3897 1143 3962 inde
1165 3898 1301 3982 emplius

300 4010 467 4076 clamorem
483 4012 620 4077 audiam.
666 4011 812 4076 Testibue
837 4009 948 4094 regina
973 4016 1006 4074 et
1032 4007 1171 4074 Roberto
1186 4009 1301 4074 comite

299 4121 337 4186 de
353 4122 508 4187 Mellent:
531 4123 615 4207 apud
630 4122 878 4206 Rochiugehem.

368 4305 374 4338 ¹
393 4305 488 4355 zuene.
501 4307 569 4354 uon.
581 4307 692 4370 Abingd.
704 4305 735 4354 9³
749 4307 817 4368 (uec.
832 4307 921 4368 eom).
1119 4308 1129 4338 ²
1147 4307 1184 4354 u.
1197 4307 1238 4355 99.
