3252 5112
681 662 823 707 wmnmn
847 663 870 708 1.
1259 646 1277 707 5

179 873 183 882 .
278 813 514 898 episcopatuum
537 835 688 891 meorum,
713 823 745 881 et
770 815 969 881 abbatiarum
998 813 1134 900 episcopi
1157 813 1220 878 mei
1244 817 1278 878 et

278 923 408 988 abbates
444 925 489 991 eis
524 925 575 990 vel
609 925 751 1007 lenitate,
786 927 836 993 vel
873 927 988 991 timore
1016 925 1069 991 vel
1104 923 1278 1010 cupiditate

278 1034 441 1114 dederunt,
472 1036 523 1102 vel
551 1035 665 1103 habere
693 1043 930 1118 consenserunt,
958 1038 1010 1104 vel
1037 1037 1099 1123 ipsi
1127 1034 1278 1102 violentia

280 1167 337 1209 sua
358 1146 431 1212 inde
452 1147 683 1228 abstraxerunt,
698 1156 731 1215 et
753 1150 836 1235 quod
859 1150 1013 1214 hactenus
1035 1148 1152 1233 injuste
1173 1166 1279 1231 posse·

278 1255 394 1322 derunt
418 1258 457 1323 de
470 1245 620 1324 ¹dominio
642 1260 842 1326 ecclesiarum
864 1282 1015 1340 mearum,
1038 1263 1071 1325 et
1092 1256 1154 1322 nisi
1176 1255 1279 1322 reddi·

278 1368 393 1449 derint,
408 1369 491 1436 sicut
512 1392 564 1436 eos
586 1393 625 1437 ex
646 1378 737 1456 parte
759 1395 828 1436 mea
850 1369 1102 1450 summonebitis,
1117 1391 1174 1434 vos
1195 1367 1280 1452 ipsos

278 1479 379 1545 velint
406 1481 512 1546 nolint
539 1482 754 1568 constringite
777 1483 912 1548 reddere.
966 1480 1060 1548 Quod
1089 1480 1116 1545 si
1144 1479 1279 1565 quilibet

279 1590 370 1671 aliua,
381 1591 432 1656 vel
446 1592 561 1678 aliquis
572 1599 724 1673 vestrum,
735 1594 851 1681 quibus
865 1593 947 1658 hanc
957 1591 1118 1676 justitiam
1131 1589 1280 1676 imposui,

279 1701 418 1785 ejusdem
434 1703 565 1788 querelae
580 1703 687 1783 fuerit,
702 1705 812 1769 reddat·
825 1703 973 1770 similiter
988 1703 1071 1789 quod
1088 1703 1127 1767 de
1141 1699 1281 1767 dominio

280 1811 517 1898 episcopatuum
528 1815 579 1879 vel
594 1814 792 1880 abbatiarum
807 1837 947 1879 mearum
963 1813 1085 1892 habuit,
1097 1835 1137 1878 ne
1152 1816 1281 1897 propter

282 1921 362 1987 illud
375 1924 461 2008 quod
483 1924 556 1988 inde
572 1925 686 2010 aliquis
701 1930 842 1991 vestrum
863 1924 1003 2004 habebit,
1019 1924 1126 1989 minus
1140 1926 1282 1988 exerceat

282 2055 376 2118 super
404 2056 490 2100 meos
518 2035 729 2116 vicecomites,
759 2036 809 2101 vel
838 2035 914 2100 alios
943 2035 1123 2121 quicunque
1151 2037 1283 2100 teneant

282 2142 458 2208 dominium
472 2145 674 2210 ecclesiarum
690 2168 842 2226 mearum,
856 2145 941 2231 quod
954 2145 1109 2231 piacipio.

317 2341 385 2407 [The
402 2343 535 2408 following
550 2344 612 2394 trial
630 2348 659 2394 at
670 2345 808 2395 Ponenden
818 2345 907 2395 Heath
923 2358 1033 2410 appears
1045 2346 1073 2393 to
1083 2343 1149 2394 hare
1159 2343 1225 2392 been
1244 2342 1285 2391 in·

284 2421 396 2470 rtituted
406 2437 477 2486 upon
487 2423 533 2471 the
544 2423 626 2473 above
637 2423 719 2490 weit]
729 2422 737 2456 ¹

326 2563 478 2647 Tempore
492 2563 604 2647 magni
614 2563 698 2648 regis
708 2563 887 2643 Willielmi,
900 2561 954 2648 qni
963 2560 1136 2647 Anglicum
1150 2583 1284 2646 regnum

284 2673 381 2737 armis
396 2675 597 2760 conquisivit,
613 2682 644 2740 et
660 2675 726 2740 suis
740 2675 914 2740 ditionibus
937 2673 1132 2759 subjugavit,
1147 2673 1285 2758 contigit

285 2785 429 2849 Odonem
446 2785 650 2852 Baiocensem
664 2787 853 2872 episcopum,
863 2792 896 2851 et
906 2785 1044 2871 ejusdcm
1056 2784 1142 2870 regis
1155 2785 1284 2850 fratrem

285 2896 386 2961 multo
395 2895 490 2961 citius
499 2898 812 2982 quamLanfrancum
821 2896 1286 2982 archicpiscopnminAngliam

284 3007 401 3088 venire,
417 3013 512 3093 atque
531 3008 564 3072 in
581 3010 735 3075 comitatu
749 3009 787 3074 da
804 3009 909 3074 Cbent
923 3031 995 3073 cum
1011 3029 1130 3092 magna
1143 3007 1286 3092 potentia

284 3117 426 3198 residere,
441 3118 549 3204 ibique
568 3125 757 3204 potestatem
781 3142 844 3185 non
868 3120 1024 3184 modicam
1046 3141 1197 3184 exercere.
1241 3120 1287 3184 Et

285 3228 358 3314 quia
373 3229 437 3293 illis
452 3230 562 3295 diebus
583 3231 619 3295 in
638 3232 792 3297 comitatu
806 3231 863 3295 illo
877 3230 1042 3316 quisquam
1057 3251 1121 3294 non
1136 3237 1215 3311 erat,
1231 3229 1287 3315 qui

284 3345 383 3404 tantae
405 3339 602 3406 fortitudinis
617 3343 684 3407 viro
707 3343 849 3408 resistere
866 3346 981 3426 posset,
995 3344 1122 3424 propter
1136 3361 1288 3424 magnam

286 3473 381 3536 quam
410 3450 521 3516 habuit
550 3457 752 3538 potestatem,
781 3458 880 3518 terrae
909 3451 1085 3535 complures
1113 3450 1152 3514 de
1186 3450 1288 3515 archi·

286 3559 469 3644 episcopatu
505 3559 739 3628 cantuarberia
776 3567 809 3626 et
844 3559 1086 3626 consuetudines
1120 3559 1289 3624 nonnullas

287 3668 347 3734 sibi
370 3669 503 3753 arripuit
526 3677 622 3755 atque
645 3693 800 3756 usurpans
822 3693 884 3734 sua
905 3667 1115 3734 dominationi
1134 3667 1288 3751 ascripsit.

287 3781 401 3845 Postea
429 3801 503 3844 vero
540 3801 602 3844 nou
640 3779 741 3843 multo
778 3784 927 3863 tempore,
957 3776 1095 3860 contigit
1122 3775 1289 3862 prelatum

287 3890 503 3956 Lanfrancum
526 3889 730 3954 Cadomensis
753 3888 887 3954 ecclesiae
909 3886 1067 3966 abbatem,
1080 3886 1172 3971 jussu
1194 3886 1290 3972 regis,

287 4002 321 4067 in
352 4001 506 4086 Angliam
537 4023 660 4086 quoque
688 3999 805 4078 venire,
834 4004 929 4083 atque
957 3996 992 4061 in
1021 3995 1291 4083 archiepiscopatu

287 4112 520 4194 cantuariensi,
537 4113 606 4176 Deo
628 4110 823 4196 disponente,
844 4107 943 4174 totius
965 4107 1091 4193 Angliae
1114 4108 1205 4194 regni
1227 4108 1291 4192 pri·

288 4232 406 4289 matam
421 4224 626 4289 sublimatum
641 4245 717 4288 esse.
763 4220 830 4286 Ubi
852 4219 928 4284 dum
947 4219 1130 4306 aliquandiu
1145 4217 1293 4284 resideret

616 4411 622 4443 ¹
644 4410 759 4460 Selden's
773 4409 890 4466 Eadmer,
904 4405 959 4456 19¹7.
