3286 5150
346 609 409 672 208
591 625 725 671 amorra
747 625 1095 670 suono-nonnarum.

344 776 469 863 placitis
484 783 516 842 et
531 777 710 858 hundredis,
722 777 748 842 si
764 776 839 862 quid
855 799 977 842 neeesse
991 777 1154 868 haberent,
1169 777 1346 860 adjuvaret.

347 888 440 953 Quod
454 893 621 974 postquam
635 911 779 982 prooessu
793 887 943 972 temporis
956 887 990 950 in
1005 886 1262 953 consuetudinem
1278 910 1346 952 ver·

345 1022 416 1062 sum
432 1005 490 1078 est,
505 1006 633 1064 eentum
648 999 773 1085 quidem
790 998 903 1063 solidos
918 998 956 1064 de
971 998 1099 1064 abbatia
1113 997 1295 1077 vicecomes,
1311 1020 1347 1062 ae

346 1110 374 1175 si
387 1111 427 1174 ds
440 1111 565 1176 redditu
587 1134 643 1175 suo
665 1116 779 1188 essent,
795 1109 989 1194 eeeipiebet3
1012 1109 1089 1194 ipsis
1108 1132 1191 1188 vero,
1207 1132 1264 1194 pro
1279 1108 1346 1194 qui·

346 1220 405 1284 bus
420 1220 585 1300 dabantur,
600 1244 724 1306 prorsus
736 1219 815 1284 nihil
830 1219 1020 1305 proficiebat.

392 1331 492 1415 Cujus
508 1331 622 1396 notitia
636 1355 709 1397 eum
724 1332 764 1396 ad
775 1331 923 1396 abbatem
934 1329 1147 1395 Walkelinum
1162 1329 1347 1414 perveniret,

346 1466 402 1529 pro
419 1443 477 1507 tali
491 1442 625 1508 ecelesiae
639 1437 755 1508 damno
769 1441 890 1520 doluit;
913 1447 946 1506 et
968 1448 1039 1526 post
1053 1464 1174 1505 annum
1193 1442 1348 1507 adventus

347 1553 451 1618 suiad
467 1553 628 1619 abbatiam
643 1553 792 1639 primum,
807 1551 921 1617 solidos
935 1552 1007 1617 dare
1022 1551 1157 1618 distulit.
1203 1552 1348 1638 Requisi-

347 1669 400 1727 tus
426 1670 533 1728 autem
546 1687 640 1749 quare
664 1686 727 1728 non
751 1663 821 1728 illos
843 1670 970 1728 eentum
998 1661 1112 1727 solidos
1141 1663 1348 1748 persolvisset,

247 1757 249 1762 ¹
348 1773 519 1860 respondit,
534 1797 574 1838 ne
588 1797 663 1838 usus
677 1772 778 1838 malus
801 1778 909 1838 eontra
923 1772 1084 1838 ecelesiam
1099 1796 1189 1837 suam
1208 1772 1348 1852 inoleret,

348 1907 420 1950 oum
430 1884 538 1970 utique
552 1885 661 1970 priscis
675 1883 869 1970 temporibus
880 1883 926 1948 ita
936 1883 1067 1948 minime
1080 1879 1193 1949 fuisse
1211 1884 1233 1946 J
1233 1883 1349 1948 ubente

348 2019 421 2061 vero
443 2017 527 2080 rege,
542 1995 693 2080 inquisita
714 2000 763 2060 est
780 1994 825 2060 rei
846 1993 972 2068 veritae,
990 1993 1017 2058 si
1039 1995 1086 2058 ita
1109 1993 1239 2059 Henriei
1254 1993 1349 2078 regis,

349 2107 402 2172 avi
426 2105 544 2171 scilieet
569 2105 628 2187 sui,
654 2110 794 2191 tempore
821 2105 943 2170 fuisset.
989 2105 1083 2170 Quod
1112 2126 1184 2169 eum
1213 2104 1260 2168 ita
1285 2127 1350 2168 non

350 2219 444 2284 fuisse
459 2219 493 2281 in
509 2217 663 2282 comitatu
669 2218 848 2300 juramento
863 2215 1068 2281 manifestum
1084 2221 1175 2294 esset,
1189 2214 1351 2299 prohibuit

350 2354 404 2395 rex
419 2328 532 2394 solidos
547 2328 644 2409 reddi,
660 2326 708 2393 vel
725 2351 908 2414 aquoquam
923 2327 1125 2411 inposterum
1140 2325 1236 2410 exigi.
1282 2325 1349 2390 Sie-

350 2464 411 2526 que
428 2440 524 2505 abbas
542 2438 739 2504 Wallrelinus
761 2445 888 2504 eentum
911 2437 950 2504 ad
972 2461 1005 2502 se
1028 2437 1151 2517 solidos,
1174 2437 1254 2502 male
1278 2444 1352 2501 ante

352 2550 515 2616 annuatim
531 2549 678 2634 perditos,
697 2549 839 2630 retraxit,
854 2555 887 2615 et
907 2549 947 2614 ed
962 2571 1054 2612 usum
1069 2547 1202 2614 eeclesia
1216 2548 1351 2632 amplius

351 2663 552 2748 profuturum
567 2660 744 2748 deputavit.

429 3410 557 3493 [Aaron
578 3409 765 3472 Wsauanne
786 3431 816 3473 o.
839 3409 965 3472 Paoau.
1010 3409 1125 3471 Aaour
1150 3405 1286 3490 116οῬ]ι

354 3545 422 3612 [The
433 3544 572 3594 defendant
583 3543 654 3592 often
665 3543 782 3606 refusing
792 3542 845 3591 and
855 3543 935 3605 being
950 3541 1094 3604 oompelled
1112 3545 1141 3589 to
1157 3555 1210 3603 pay
1221 3541 1267 3589 the
1288 3540 1352 3588 dues

418 3623 491 3672 owed
499 3623 544 3670 the
552 3619 668 3684 plaintifl'
675 3621 715 3668 for
725 3619 787 3668 land
798 3619 858 3668 held
869 3618 899 3668 of
906 3618 969 3678 him,
977 3619 1000 3666 is
1010 3617 1161 3666 summoned
1170 3621 1279 3666 tooourt
1288 3616 1353 3664 with

417 3701 459 3750 his
470 3716 517 3750 son
529 3701 581 3762 (his
592 3697 668 3762 heir),
677 3698 732 3747 eud
744 3697 888 3760 oompelled
898 3701 926 3746 to
937 3701 1044 3745 exeoute
1060 3710 1077 3744 a
1093 3699 1221 3745 serenant
1232 3695 1298 3742 with
1308 3694 1354 3743 the

417 3779 498 3828 abbot
508 3776 665 3839 eoneeming
676 3775 722 3824 the
732 3773 810 3834 land,
827 3774 873 3823 the
884 3774 1046 3822 transaotion
1057 3772 1136 3834 being
1146 3771 1174 3820 in
1190 3771 1235 3820 the
1252 3768 1354 3820 abbot's

417 3854 534 3916 chapter,
544 3853 573 3901 in
583 3853 628 3901 the
640 3865 762 3915 presenoe
772 3850 802 3900 of
809 3850 895 3900 olerks
906 3850 958 3900 aud
969 3847 1096 3914 baymam]

355 3980 493 4046 Qumau
509 3979 657 4062 Paganus
681 3977 818 4056 nomine,
839 3977 933 4040 homo
955 3975 1089 4040 eeclesia
1108 3974 1215 4059 hujus,
1231 3972 1264 4036 in
1279 3972 1356 4037 villa

353 4088 527 4174 Appeliond
535 4109 632 4151 unam
643 4086 750 4152 hidam
759 4087 927 4152 tenendam
937 4107 992 4171 pro
1004 4085 1079 4150 XX.
1092 4082 1210 4162 solidis,
1220 4082 1356 4164 singulis

352 4199 445 4262 annis
471 4199 510 4262 ad
537 4197 703 4284 coquinam
732 4198 957 4292 monachorum
982 4194 1156 4275 reddendis,
1185 4199 1354 4279 aceeperat.

566 4355 575 4390 ²
593 4358 608 4406 2
621 4357 690 4406 Hire.
704 4357 771 4404 Mon.
784 4357 895 4419 nbingu.
907 4357 955 4405 233
967 4355 1039 4410 (Rea
1052 4355 1144 4416 Gom).
