3280 5132
659 677 801 722 wlemsss
823 677 847 723 1.
1211 655 1251 716 59

688 853 813 938 [eos]

297 947 451 1054 Homines
479 988 603 1064 Radulfi
627 989 666 1052 de
688 989 863 1054 Mortemer
885 994 917 1053 et
939 986 1082 1052 homines
1102 982 1252 1048 Lesoardi

252 1098 411 1182 accipiunt
426 1121 545 1162 novum
560 1097 740 1164 theloneum
764 1100 797 1164 in
822 1098 991 1177 Grimesbi‚
1008 1096 1091 1182 qued
1113 1094 1254 1160 nonfuit

252 1217 393 1293 tempore
408 1209 492 1293 regis
501 1209 649 1274 Edwardi
664 1210 719 1274 sed
730 1209 906 1275 Losoardus
917 1215 1016 1294 negas
1027 1230 1100 1272 sues
1111 1205 1253 1270 hemines

252 1319 360 1384 fecisse
374 1341 429 1402 per
443 1343 525 1383 eum.

428 1635 673 1700 CLAMORES
699 1637 751 1699 IN
776 1637 1083 1700 CHETSTEVEN.

478 1813 626 1896 [Roseus
642 1832 682 1874 ms
697 1813 824 1876 'Pensm
840 1835 866 1876 e.
884 1811 1033 1896 Jeme]

301 1946 342 2009 In
363 1949 541 2032 Pamptune
556 1954 644 2012 tenet
660 1948 681 2010 J
684 1947 773 2012 udita
787 1947 948 2012 eomitissa
963 1949 1010 2014 II.
1030 1949 1169 2013 maneria
1184 1969 1255 2034 quae

257 2057 386 2120 fuerunt
410 2057 543 2121 AElmeri
566 2064 599 2122 et
621 2058 755 2122 fratrum
777 2059 852 2142 ejus
900 2059 1056 2123 Rebertus
1079 2058 1117 2123 de
1139 2057 1258 2123 Todeui

257 2168 502 2254 calumpniatur,
518 2175 550 2233 et
572 2175 732 2252 wapentac
755 2175 862 2252 portat
884 2170 912 2234 ei
934 2170 1152 2234 testimonium
1175 2168 1259 2253 quod

258 2278 427 2342 deliberate
443 2285 518 2343 sunt
533 2280 561 2343 ei
577 2279 611 2342 in
626 2280 772 2363 eseangie
786 2303 842 2363 pro
859 2281 1048 2346 Morestune.

386 2583 547 2666 [Guneus
571 2603 611 2644 ns
636 2581 734 2644 (ωτι)
757 2604 783 2646 v.
803 2582 934 2644 Roseus
956 2600 997 2644 me
1020 2581 1131 2666 Vsc1.]

303 2718 344 2781 In
375 2718 493 2800 Catorp
524 2717 665 2780 hundred
705 2716 822 2780 elamat
861 2715 1056 2780 Gislebertus
1092 2718 1132 2781 de
1163 2717 1256 2780 Gand

261 2851 355 2912 super
378 2828 553 2891 Rebertum
577 2826 615 2890 de
631 2827 709 2891 Veei
732 2835 859 2911 pratum
875 2827 958 2912 qued
981 2827 1043 2892 fuit
1059 2827 1156 2892 Eilrie
1172 2837 1260 2892 ante-

259 2939 388 3002 cessoris
404 2938 463 3017 sui,
480 2938 534 3002 sed
551 2945 710 3022 wapentac
726 2938 902 3022 dicitquod
924 2938 1022 3002 isdem
1039 2938 1139 3002 AElrie
1155 2947 1260 3003 tetum

260 3056 388 3134 pratum
415 3048 538 3126 habuit,
565 3071 621 3112 nee
650 3055 828 3113 antecessor
854 3049 1025 3113 Gisleberti
1048 3049 1120 3114 inde
1143 3051 1263 3135 aliquid

261 3161 386 3238 habuit,
402 3159 463 3223 nisi
479 3183 534 3242 per
549 3160 733 3223 locationem
752 3160 913 3225 mercedis,

464 3475 605 3557 [Omnes
627 3493 665 3536 es
689 3473 806 3535 Deoeo
829 3490 870 3533 ns
896 3470 1074 3554 Bseesse]

308 3609 469 3672 Clamores
498 3633 576 3692 quos
601 3609 708 3691 Drogo
734 3608 772 3672 de
796 3608 930 3670 Beurere
953 3605 1031 3669 feeit
1053 3625 1145 3687 super
1167 3607 1266 3666 terras

265 3719 414 3798 Mercari,
430 3721 600 3784 dimittunt
615 3719 647 3782 in
659 3718 780 3802 judicie
797 3717 889 3801 regis·

457 3996 581 4079 [Ceam
605 4013 644 4056 os
670 3992 814 4054 Wmse
836 4009 878 4052 ns
901 3987 1078 4070 Amanus]

309 4132 470 4196 Walterus
493 4130 531 4194 de
569 4129 704 4192 Aineurt
744 4095 1064 4189 clamasservitium
1102 4121 1265 4186 bominum

266 4243 413 4308 Widonis
429 4243 466 4306 de
493 4239 710 4305 Rembudeurt
733 4237 765 4300 in
791 4235 930 4300 manerio
954 4235 1111 4312 Sidesten‚
1128 4233 1182 4297 sed
1203 4256 1267 4297 non

266 4356 360 4420 habet·
377 4359 494 4418 rectum
513 4353 690 4416 clamorem.
