3298 5162
351 679 414 740 310
760 697 932 742 ,anennmn

349 851 433 901 terras
455 847 515 901 illas
536 864 636 908 omnes,
658 845 691 900 de
712 846 808 918 quibus
828 853 884 903 erat
903 849 936 903 lie
955 849 1025 903 inter
1043 848 1120 904 illum
1141 854 1169 904 et
1190 850 1308 904 Alennm
1321 847 1354 902 de

351 932 475 998 Percei03
504 937 532 986 et
555 931 712 986 nominatim
737 932 812 989 bunt
837 942 864 989 et
888 935 1011 1006 Hogum‚
1036 941 1065 990 et
1089 935 1213 1007 quicquid
1237 935 1355 1008 pertinet

351 1018 526 1082 wellentone,
548 1023 576 1073 et
594 1024 624 1074 tu
647 1017 786 1075 Beitmnm
806 1020 875 1075 saise
896 1040 958 1076 eum
976 1022 1047 1076 inde.
1084 1022 1208 1077 Tectibus
1220 1021 1355 1077 Willelmo

350 1105 511 1168 cancellario,
534 1110 562 1160 et
581 1104 676 1159 comite
696 1105 728 1160 de
748 1106 870 1172 Meneni,
889 1112 917 1162 et
938 1107 1056 1164 Roberto
1069 1109 1123 1164 filio
1136 1109 1270 1164 flamonia
1283 1108 1353 1180 apud

352 1191 535 1256 salesberiam,
548 1193 642 1263 quarto
654 1190 696 1246 die
707 1192 886 1264 Theophanie.

511 1387 645 1458 [Conone
665 1403 701 1442 oe
720 1389 764 1443 Sc.
784 1383 883 1444 Mean.
921 1390 1014 1445 Tene.
1028 1391 1183 1461 Wa.11.]¹

352 1500 421 1569 [Tbe
441 1500 531 1572 king'e
550 1499 609 1554 writ
626 1499 757 1572 directing
775 1501 821 1556 the
841 1501 984 1558 defendant
1006 1509 1053 1558 not
1071 1508 1099 1558 to
1116 1502 1220 1575 require
1238 1503 1353 1556 anatome

740 1588 771 1642 of
779 1588 827 1643 the
838 1588 991 1660 plaintiffs]

387 1689 430 1744 W.
448 1709 502 1752 rex,
520 1691 550 1744 Τ.
570 1690 719 1745 vicecomiti
738 1690 862 1746 salutem.
900 1693 1002 1748 Mando
1020 1692 1079 1758 tibi,
1098 1692 1169 1764 qnod
1187 1711 1236 1764 ego
1256 1695 1354 1746 terram

351 1776 537 1830 canonicorum
558 1777 662 1832 Senotae
683 1777 778 1833 Mariae
802 1778 835 1832 de
860 1778 999 1834 Lincolnia
1023 1779 1056 1834 de
1080 1780 1205 1835 omnibus
1229 1777 1355 1834 costumis

350 1863 453 1933 quietes
465 1863 587 1919 concedo.

509 2065 640 2134 [Conone
659 2078 696 2116 oe
715 2062 759 2116 Se.
778 2061 877 2116 Mina.
914 2060 1008 2115 Tene.
1026 2060 1094 2116 Wnt.
1115 2061 1190 2132 11.]²

349 2176 418 2245 [The
431 2175 519 2246 king'e
541 2174 602 2230 writ
614 2174 747 2244 directing
758 2173 820 2228 that
832 2172 880 2227 the
892 2191 990 2227 conone
1000 2172 1031 2228 of
1041 2173 1081 2226 St.
1096 2173 1175 2245 Many
1186 2173 1254 2228 heve
1267 2174 1352 2229 tithcs

748 2258 800 2314 and
813 2259 951 2328 customa]

383 2365 425 2418 W.
451 2383 495 2418 rex
521 2363 679 2434 Auginum,
705 2363 729 2417 1.
754 2361 885 2416 Tailebois
910 2366 939 2416 et
964 2361 1077 2416 Osberto
1106 2361 1200 2417 clerico
1230 2362 1352 2418 salutem.

349 2449 449 2504 Mando
462 2448 536 2504 vobis
549 2455 577 2503 et
586 2448 718 2520 praecipio,
730 2453 762 2502 ut
779 2447 897 2502 canonici
912 2449 1016 2503 sancta
1029 2448 1123 2503 Mariae
1136 2448 1169 2503 de
1181 2448 1301 2503 Lineolia
1314 2449 1353 2504 ita

349 2537 416 2590 bene
428 2535 542 2590 habeant
558 2535 672 2590 decimae
685 2553 747 2589 suae
760 2539 788 2588 et
799 2533 1012 2598 consuetudines,
1026 2533 1150 2588 nieutona
1164 2534 1259 2589 melina
1272 2535 1351 2590 habe·

349 2624 414 2679 bant
426 2629 543 2695 tempore
555 2622 638 2694 patrie
651 2621 712 2677 mei.
747 2621 826 2676 Teste
839 2621 872 2675 R.
885 2621 1014 2692 episeopo.

418 2840 546 2909 [Bienoe
565 2837 708 2892 Heennen
726 2853 787 2892 ann
807 2837 904 2891 Panna
924 2851 961 2890 nn
981 2836 1134 2890 Vaconne.
1166 2835 1279 2904 1108.]³

347 2941 417 3012 [The
436 2941 526 3011 king’a
539 2939 603 2994 weit
615 2939 775 3010 confirming
793 2959 808 2992 a
828 2939 938 2993 concord
958 2938 1076 2993 between
1096 2939 1142 2993 tbe
1164 2939 1304 3009 petticeas
1323 2942 1351 2992 to

593 3025 692 3079 certain
705 3024 884 3095 plough-land
896 3024 946 3078 and
963 3025 1093 3094 pastore]

381 3127 516 3183 Hennicue
533 3146 579 3181 rex
597 3125 748 3196 Anglorum
767 3124 901 3180 Herberto
914 3125 1035 3196 episcopo
1048 3132 1075 3181 et
1088 3125 1203 3180 Radulso
1215 3125 1247 3180 de
1262 3125 1349 3180 Bello·

347 3215 408 3284 sago
425 3219 452 3268 et
464 3213 587 3268 omnibus
600 3211 743 3267 baronibus
756 3211 820 3276 auia,
834 3211 944 3266 Francia
957 3215 986 3265 ct
998 3211 1105 3283 Anglis,
1117 3213 1150 3266 de
1163 3211 1305 3267 Soutbsolk
1324 3216 1351 3265 et

345 3299 500 3363 Nonhfolk,
512 3299 635 3354 salutem.
673 3297 769 3353 Sciatis
782 3317 824 3352 me
835 3298 994 3353 concessisse
1007 3298 1086 3354 finem
1100 3318 1180 3370 quam
1199 3297 1350 3353 Herbertua

345 3389 482 3458 episcopua
501 3394 527 3441 et
547 3387 642 3440 Penus
662 3385 694 3439 de
713 3385 835 3440 Valoniis
859 3385 979 3440 fecerunt
1002 3385 1073 3439 inter
1091 3405 1118 3440 se
1137 3385 1169 3440 de
1188 3385 1304 3439 Binham
1323 3391 1351 3440 et

346 3474 486 3544 Langham
506 3473 576 3544 apud
596 3473 711 3526 Norwio.
730 3473 759 3526 in
781 3491 839 3527 nica
851 3472 924 3526 curia
936 3477 998 3526 ante
1011 3490 1052 3525 me
1066 3477 1093 3526 et
1106 3471 1217 3527 barones
1230 3491 1310 3536 meos,
1323 3477 1351 3527 ct

346 3561 373 3614 id
386 3559 456 3614 unde
468 3565 524 3614 erat
536 3559 671 3614 contentio
684 3560 818 3623 intereos,
831 3559 955 3630 praecipio
967 3563 998 3612 ut
1011 3558 1077 3612 iilud
1090 3559 1161 3629 quod
1173 3563 1278 3613 aratum
1297 3558 1351 3613 suit

345 3646 388 3700 die
407 3664 460 3717 qua
477 3650 552 3716 peter
571 3663 646 3699 meus
665 3645 745 3699 vivus
765 3649 793 3699 et
812 3651 935 3699 mortuus
955 3645 1016 3708 fuit,
1036 3645 1072 3698 ait
1091 3643 1169 3699 modo
1190 3644 1302 3699 arabile:
1323 3650 1349 3699 et

346 3731 416 3802 quod
437 3730 483 3786 illa
502 3731 545 3785 die
567 3750 620 3784 non
642 3735 700 3785 erat
719 3735 832 3795 eratum,
853 3731 889 3785 sit
902 3729 980 3784 modo
992 3730 1140 3785 communia
1154 3735 1263 3802 pastura
1280 3732 1351 3785 inter

346 3819 487 3888 Longham
518 3822 546 3872 et
576 3816 700 3871 Binhnm.
749 3817 829 3871 Teste
860 3817 964 3888 Rogero
994 3816 1116 3886 episcopo
1148 3816 1295 3873 Sareeberie
1324 3821 1352 3872 et

347 3905 489 3959 Williehno
508 3903 604 3958 comite
623 3903 655 3957 de
668 3902 801 3957 Warenna
814 3909 841 3958 et
854 3902 974 3957 Gilberto
987 3901 1018 3956 de
1031 3903 1141 3974 Aquila,
1155 3903 1300 3958 Williclmo
1319 3904 1350 3958 de

345 3991 445 4055 Albini,
458 3997 485 4046 et
498 3991 604 4060 Rogero
617 3989 671 4043 filio
685 3989 792 4044 Ricardi
804 3995 832 4044 et
844 3989 966 4044 Gilberto
978 3989 1059 4043 fratie
1072 4007 1128 4052 suo,
1142 3995 1169 4044 et
1181 3990 1283 4045 Otnero
1295 3989 1350 4044 filio

344 4079 455 4142 comitis,
479 4082 506 4132 ct
531 4079 632 4148 Symon
657 4076 689 4130 de
713 4075 885 4158 Moiendinie,
910 4075 980 4146 apud
1004 4076 1130 4147 Norwye.
1150 4077 1179 4130 in
1198 4077 1240 4132 die
1259 4077 1350 4132 Sancti

345 4164 465 4218 Andreae.
533 4181 536 4188 '

377 4273 409 4280 ὰ
430 4273 474 4278 ,-,
605 4271 679 4276 ..—-
691 4271 782 4276 ....--
795 4271 871 4276 -—..
887 4271 1143 4278 —----—....
1157 4267 1347 4278 ..—..———

419 4340 425 4370 ¹
439 4343 455 4394 6
470 4339 637 4393 Monostioon
652 4339 723 4408 (part
734 4339 771 4406 3),
785 4337 855 4394 1272
869 4338 969 4405 (1846).
1212 4339 1222 4371 ²
1235 4337 1277 4392 lb.

651 4427 662 4458 ³
676 4427 691 4478 3
704 4424 880 4488 bionasticon,
893 4425 945 4478 348
960 4425 1060 4491 (48446).
