<?xml version="1.0" encoding="UTF-8"?>
<!DOCTYPE html PUBLIC "-//W3C//DTD XHTML 1.0 Transitional//EN"
    "http://www.w3.org/TR/xhtml1/DTD/xhtml1-transitional.dtd">
<html xmlns="http://www.w3.org/1999/xhtml" xml:lang="en" lang="en">
 <head>
  <title>
</title>
<meta http-equiv="Content-Type" content="text/html;charset=utf-8" />
  <meta name='ocr-system' content='tesseract 3.04.00' />
  <meta name='ocr-capabilities' content='ocr_page ocr_carea ocr_par ocr_line ocrx_word'/>
</head>
<body>
  <div class='ocr_page' id='page_1' title='image "./placitaanglonor01bigegoog_0073.png"; bbox 0 0 3252 5112; ppageno 0'>
   <div class='ocr_carea' id='block_1_1' title="bbox 350 589 1103 705">
    <p class='ocr_par' dir='ltr' id='par_1_1' title="bbox 350 589 1103 705">
     <span class='ocr_line' id='line_1_1' title="bbox 350 589 1103 705; baseline 0.003 -33"><span class='ocrx_word' id='word_1_1' title='bbox 350 613 369 672; x_wconf 79' lang='lat'>2</span> <span class='ocrx_word' id='word_1_2' title='bbox 531 589 731 705; x_wconf 36' lang='lat' dir='ltr'>{Ktenous</span> <span class='ocrx_word' id='word_1_3' title='bbox 754 628 1103 674; x_wconf 77' lang='lat' dir='ltr'>sunno-nonusnuros.</span> 
     </span>
    </p>
   </div>
   <div class='ocr_carea' id='block_1_2' title="bbox 228 755 1352 1109">
    <p class='ocr_par' dir='ltr' id='par_1_2' title="bbox 228 755 1352 1109">
     <span class='ocr_line' id='line_1_2' title="bbox 351 755 1351 874; baseline 0.002 -28"><span class='ocrx_word' id='word_1_4' title='bbox 351 757 451 874; x_wconf 73' lang='lat' dir='ltr'>terrie</span> <span class='ocrx_word' id='word_1_5' title='bbox 479 755 512 847; x_wconf 77' lang='lat' dir='ltr'>et</span> <span class='ocrx_word' id='word_1_6' title='bbox 525 759 817 846; x_wconf 53' lang='lat' dir='ltr'>&#39;dominationibus</span> <span class='ocrx_word' id='word_1_7' title='bbox 849 782 923 847; x_wconf 83' lang='lat' dir='ltr'>suis.</span> <span class='ocrx_word' id='word_1_8' title='bbox 980 783 1112 867; x_wconf 89' lang='lat' dir='ltr'>Propter</span> <span class='ocrx_word' id='word_1_9' title='bbox 1148 782 1231 868; x_wconf 90' lang='lat' dir='ltr'>quod</span> <span class='ocrx_word' id='word_1_10' title='bbox 1268 782 1351 848; x_wconf 88' lang='lat' dir='ltr'>idom</span> 
     </span>
     <span class='ocr_line' id='line_1_3' title="bbox 288 858 1352 992; baseline -0.001 -35"><span class='ocrx_word' id='word_1_11' title='bbox 288 858 506 992; x_wconf 36' lang='lat' dir='ltr'>:fjd&#39;dpsnius</span> <span class='ocrx_word' id='word_1_12' title='bbox 531 891 716 976; x_wconf 88' lang='lat' dir='ltr'>etquidem</span> <span class='ocrx_word' id='word_1_13' title='bbox 746 891 812 972; x_wconf 81' lang='lat' dir='ltr'>olii,</span> <span class='ocrx_word' id='word_1_14' title='bbox 836 891 891 977; x_wconf 91' lang='lat' dir='ltr'>qui</span> <span class='ocrx_word' id='word_1_15' title='bbox 920 891 1010 975; x_wconf 87' lang='lat' dir='ltr'>ejeotr</span> <span class='ocrx_word' id='word_1_16' title='bbox 985 891 1179 972; x_wconf 84' lang='lat' dir='ltr'>ti,fuerunt</span> <span class='ocrx_word' id='word_1_17' title='bbox 1206 893 1352 958; x_wconf 86' lang='lat' dir='ltr'>abierunt</span> 
     </span>
     <span class='ocr_line' id='line_1_4' title="bbox 228 971 1352 1109; baseline 0.001 -42"><span class='ocrx_word' id='word_1_18' title='bbox 228 1059 253 1092; x_wconf 89' lang='lat'>·.</span> <span class='ocrx_word' id='word_1_19' title='bbox 282 971 392 1109; x_wconf 33' lang='lat' dir='ltr'>&#39;fad</span> <span class='ocrx_word' id='word_1_20' title='bbox 415 1011 651 1090; x_wconf 82' lang='lat' dir='ltr'>conquestorem</span> <span class='ocrx_word' id='word_1_21' title='bbox 676 1011 709 1070; x_wconf 88' lang='lat' dir='ltr'>et</span> <span class='ocrx_word' id='word_1_22' title='bbox 733 1005 881 1069; x_wconf 84' lang='lat' dir='ltr'>dixerunt</span> <span class='ocrx_word' id='word_1_23' title='bbox 867 1005 947 1084; x_wconf 88' lang='lat' dir='ltr'>tei,</span> <span class='ocrx_word' id='word_1_24' title='bbox 969 1005 1053 1088; x_wconf 92' lang='lat' dir='ltr'>quod</span> <span class='ocrx_word' id='word_1_25' title='bbox 1083 1027 1248 1089; x_wconf 82' lang='lat' dir='ltr'>nunquam</span> <span class='ocrx_word' id='word_1_26' title='bbox 1278 1010 1352 1068; x_wconf 82' lang='lat' dir='ltr'>onte</span> 
     </span>
    </p>
   </div>
   <div class='ocr_carea' id='block_1_3' title="bbox 351 1115 1352 1200">
    <p class='ocr_par' dir='ltr' id='par_1_3' title="bbox 147 1093 1352 1209">
     <span class='ocr_line' id='line_1_5' title="bbox 351 1115 1352 1200; baseline -0.005 -18.03"><span class='ocrx_word' id='word_1_27' title='bbox 351 1121 557 1199; x_wconf 84' lang='lat' dir='ltr'>conquestum</span> <span class='ocrx_word' id='word_1_28' title='bbox 586 1137 644 1180; x_wconf 89' lang='lat' dir='ltr'>neo</span> <span class='ocrx_word' id='word_1_29' title='bbox 673 1116 706 1179; x_wconf 91' lang='lat' dir='ltr'>in</span> <span class='ocrx_word' id='word_1_30' title='bbox 736 1121 909 1200; x_wconf 84' lang='lat' dir='ltr'>conquestu</span> <span class='ocrx_word' id='word_1_31' title='bbox 938 1138 1004 1194; x_wconf 88' lang='lat' dir='ltr'>suo,</span> <span class='ocrx_word' id='word_1_32' title='bbox 1038 1137 1094 1180; x_wconf 86' lang='lat' dir='ltr'>neo</span> <span class='ocrx_word' id='word_1_33' title='bbox 1123 1121 1195 1200; x_wconf 89' lang='lat' dir='ltr'>post</span> <span class='ocrx_word' id='word_1_34' title='bbox 1223 1115 1352 1179; x_wconf 84' lang='lat' dir='ltr'>fuerunt</span> 
     </span>
    </p>
   </div>
   <div class='ocr_carea' id='block_1_4' title="bbox 350 1225 1353 2753">
    <p class='ocr_par' dir='ltr' id='par_1_4' title="bbox 350 1225 1353 2753">
     <span class='ocr_line' id='line_1_6' title="bbox 351 1225 1352 1310; baseline 0 -22"><span class='ocrx_word' id='word_1_35' title='bbox 351 1230 459 1289; x_wconf 83' lang='lat' dir='ltr'>eontra</span> <span class='ocrx_word' id='word_1_36' title='bbox 475 1225 578 1310; x_wconf 89' lang='lat' dir='ltr'>ipsum</span> <span class='ocrx_word' id='word_1_37' title='bbox 599 1247 704 1309; x_wconf 86' lang='lat' dir='ltr'>regem</span> <span class='ocrx_word' id='word_1_38' title='bbox 730 1225 762 1289; x_wconf 92' lang='lat' dir='ltr'>in</span> <span class='ocrx_word' id='word_1_39' title='bbox 779 1227 908 1290; x_wconf 87' lang='lat' dir='ltr'>oonsilio</span> <span class='ocrx_word' id='word_1_40' title='bbox 922 1232 955 1290; x_wconf 92' lang='lat' dir='ltr'>et</span> <span class='ocrx_word' id='word_1_41' title='bbox 970 1226 1096 1302; x_wconf 82' lang='lat' dir='ltr'>auxilio,</span> <span class='ocrx_word' id='word_1_42' title='bbox 1113 1225 1166 1289; x_wconf 89' lang='lat' dir='ltr'>sed</span> <span class='ocrx_word' id='word_1_43' title='bbox 1183 1231 1352 1289; x_wconf 91' lang='lat' dir='ltr'>tenuerunt</span> 
     </span>
     <span class='ocr_line' id='line_1_7' title="bbox 351 1334 1352 1420; baseline 0.001 -22"><span class='ocrx_word' id='word_1_44' title='bbox 351 1357 383 1399; x_wconf 90' lang='lat' dir='ltr'>se</span> <span class='ocrx_word' id='word_1_45' title='bbox 399 1336 433 1398; x_wconf 92' lang='lat' dir='ltr'>in</span> <span class='ocrx_word' id='word_1_46' title='bbox 447 1357 532 1420; x_wconf 87' lang='lat' dir='ltr'>pace,</span> <span class='ocrx_word' id='word_1_47' title='bbox 547 1343 580 1401; x_wconf 93' lang='lat' dir='ltr'>et</span> <span class='ocrx_word' id='word_1_48' title='bbox 602 1337 661 1400; x_wconf 89' lang='lat' dir='ltr'>hoo</span> <span class='ocrx_word' id='word_1_49' title='bbox 683 1336 785 1420; x_wconf 81' lang='lat' dir='ltr'>parati</span> <span class='ocrx_word' id='word_1_50' title='bbox 800 1335 918 1400; x_wconf 88' lang='lat' dir='ltr'>fuerint</span> <span class='ocrx_word' id='word_1_51' title='bbox 941 1335 1072 1419; x_wconf 81' lang='lat' dir='ltr'>probare</span> <span class='ocrx_word' id='word_1_52' title='bbox 1086 1358 1149 1419; x_wconf 92' lang='lat' dir='ltr'>quo</span> <span class='ocrx_word' id='word_1_53' title='bbox 1171 1335 1263 1398; x_wconf 91' lang='lat' dir='ltr'>modo</span> <span class='ocrx_word' id='word_1_54' title='bbox 1286 1334 1352 1418; x_wconf 87' lang='lat' dir='ltr'>ipse</span> 
     </span>
     <span class='ocr_line' id='line_1_8' title="bbox 351 1446 1353 1532; baseline -0.001 -22"><span class='ocrx_word' id='word_1_55' title='bbox 351 1469 405 1510; x_wconf 89' lang='lat' dir='ltr'>rex</span> <span class='ocrx_word' id='word_1_56' title='bbox 421 1447 516 1511; x_wconf 89' lang='lat' dir='ltr'>vellet</span> <span class='ocrx_word' id='word_1_57' title='bbox 531 1447 680 1512; x_wconf 87' lang='lat' dir='ltr'>ordinare.</span> <span class='ocrx_word' id='word_1_58' title='bbox 726 1449 787 1512; x_wconf 85' lang='lat' dir='ltr'>Per</span> <span class='ocrx_word' id='word_1_59' title='bbox 801 1447 883 1532; x_wconf 92' lang='lat' dir='ltr'>quod</span> <span class='ocrx_word' id='word_1_60' title='bbox 900 1447 982 1511; x_wconf 90' lang='lat' dir='ltr'>idem</span> <span class='ocrx_word' id='word_1_61' title='bbox 998 1469 1053 1511; x_wconf 87' lang='lat' dir='ltr'>rex</span> <span class='ocrx_word' id='word_1_62' title='bbox 1067 1446 1143 1512; x_wconf 85' lang='lat' dir='ltr'>feeit</span> <span class='ocrx_word' id='word_1_63' title='bbox 1164 1446 1282 1531; x_wconf 87' lang='lat' dir='ltr'>inquiri</span> <span class='ocrx_word' id='word_1_64' title='bbox 1298 1467 1353 1530; x_wconf 91' lang='lat' dir='ltr'>per</span> 
     </span>
     <span class='ocr_line' id='line_1_9' title="bbox 351 1557 1351 1643; baseline -0.001 -22"><span class='ocrx_word' id='word_1_65' title='bbox 351 1563 453 1621; x_wconf 82' lang='lat' dir='ltr'>totam</span> <span class='ocrx_word' id='word_1_66' title='bbox 482 1559 646 1641; x_wconf 62' lang='lat' dir='ltr'>Argium,</span> <span class='ocrx_word' id='word_1_67' title='bbox 671 1558 697 1622; x_wconf 89' lang='lat' dir='ltr'>si</span> <span class='ocrx_word' id='word_1_68' title='bbox 727 1558 773 1622; x_wconf 74' lang='lat' dir='ltr'>ita</span> <span class='ocrx_word' id='word_1_69' title='bbox 802 1557 884 1635; x_wconf 89' lang='lat' dir='ltr'>fuit;</span> <span class='ocrx_word' id='word_1_70' title='bbox 915 1558 999 1642; x_wconf 95' lang='lat' dir='ltr'>quod</span> <span class='ocrx_word' id='word_1_71' title='bbox 1030 1557 1156 1643; x_wconf 90' lang='lat' dir='ltr'>quidem</span> <span class='ocrx_word' id='word_1_72' title='bbox 1183 1558 1351 1642; x_wconf 83' lang='lat' dir='ltr'>probatum</span> 
     </span>
     <span class='ocr_line' id='line_1_10' title="bbox 351 1667 1352 1754; baseline 0.001 -23"><span class='ocrx_word' id='word_1_73' title='bbox 351 1667 430 1748; x_wconf 83' lang='lat' dir='ltr'>suit3</span> <span class='ocrx_word' id='word_1_74' title='bbox 454 1669 679 1754; x_wconf 89' lang='lat' dir='ltr'>propterquod</span> <span class='ocrx_word' id='word_1_75' title='bbox 701 1669 784 1734; x_wconf 89' lang='lat' dir='ltr'>idem</span> <span class='ocrx_word' id='word_1_76' title='bbox 802 1692 856 1733; x_wconf 80' lang='lat' dir='ltr'>rex</span> <span class='ocrx_word' id='word_1_77' title='bbox 876 1669 1032 1754; x_wconf 70' lang='lat' dir='ltr'>precepit,</span> <span class='ocrx_word' id='word_1_78' title='bbox 1049 1675 1087 1733; x_wconf 90' lang='lat' dir='ltr'>ut</span> <span class='ocrx_word' id='word_1_79' title='bbox 1105 1691 1213 1734; x_wconf 89' lang='lat' dir='ltr'>omnes</span> <span class='ocrx_word' id='word_1_80' title='bbox 1235 1668 1283 1732; x_wconf 91' lang='lat' dir='ltr'>illi</span> <span class='ocrx_word' id='word_1_81' title='bbox 1298 1669 1352 1754; x_wconf 91' lang='lat' dir='ltr'>qui</span> 
     </span>
     <span class='ocr_line' id='line_1_11' title="bbox 350 1779 1352 1866; baseline 0.002 -24"><span class='ocrx_word' id='word_1_82' title='bbox 350 1781 395 1842; x_wconf 89' lang='lat' dir='ltr'>sio</span> <span class='ocrx_word' id='word_1_83' title='bbox 421 1786 592 1845; x_wconf 88' lang='lat' dir='ltr'>tenuerunt</span> <span class='ocrx_word' id='word_1_84' title='bbox 618 1803 650 1845; x_wconf 88' lang='lat' dir='ltr'>se</span> <span class='ocrx_word' id='word_1_85' title='bbox 672 1779 706 1844; x_wconf 90' lang='lat' dir='ltr'>in</span> <span class='ocrx_word' id='word_1_86' title='bbox 729 1803 804 1864; x_wconf 85' lang='lat' dir='ltr'>paee</span> <span class='ocrx_word' id='word_1_87' title='bbox 827 1780 860 1844; x_wconf 94' lang='lat' dir='ltr'>in</span> <span class='ocrx_word' id='word_1_88' title='bbox 882 1780 984 1846; x_wconf 83' lang='lat' dir='ltr'>formo</span> <span class='ocrx_word' id='word_1_89' title='bbox 1009 1781 1166 1866; x_wconf 65' lang='lat' dir='ltr'>praedicta,</span> <span class='ocrx_word' id='word_1_90' title='bbox 1182 1781 1267 1866; x_wconf 92' lang='lat' dir='ltr'>quod</span> <span class='ocrx_word' id='word_1_91' title='bbox 1292 1781 1352 1865; x_wconf 86' lang='lat' dir='ltr'>ipsi</span> 
     </span>
     <span class='ocr_line' id='line_1_12' title="bbox 351 1890 1352 1958; baseline 0.003 -4"><span class='ocrx_word' id='word_1_92' title='bbox 351 1890 535 1956; x_wconf 78' lang='lat' dir='ltr'>rehaberent</span> <span class='ocrx_word' id='word_1_93' title='bbox 564 1914 671 1957; x_wconf 88' lang='lat' dir='ltr'>omnes</span> <span class='ocrx_word' id='word_1_94' title='bbox 700 1899 798 1957; x_wconf 85' lang='lat' dir='ltr'>terras</span> <span class='ocrx_word' id='word_1_95' title='bbox 835 1899 869 1958; x_wconf 90' lang='lat' dir='ltr'>et</span> <span class='ocrx_word' id='word_1_96' title='bbox 904 1893 1135 1958; x_wconf 76' lang='lat' dir='ltr'>dominationes</span> <span class='ocrx_word' id='word_1_97' title='bbox 1172 1916 1244 1957; x_wconf 81' lang='lat' dir='ltr'>suos</span> <span class='ocrx_word' id='word_1_98' title='bbox 1276 1892 1352 1958; x_wconf 83' lang='lat' dir='ltr'>adeo</span> 
     </span>
     <span class='ocr_line' id='line_1_13' title="bbox 351 1999 1353 2088; baseline 0.004 -24"><span class='ocrx_word' id='word_1_99' title='bbox 351 1999 474 2085; x_wconf 78' lang='lat' dir='ltr'>integre</span> <span class='ocrx_word' id='word_1_100' title='bbox 489 2009 522 2066; x_wconf 91' lang='lat' dir='ltr'>et</span> <span class='ocrx_word' id='word_1_101' title='bbox 543 2001 577 2066; x_wconf 93' lang='lat' dir='ltr'>in</span> <span class='ocrx_word' id='word_1_102' title='bbox 592 2025 677 2086; x_wconf 83' lang='lat' dir='ltr'>pose,</span> <span class='ocrx_word' id='word_1_103' title='bbox 694 2010 731 2067; x_wconf 89' lang='lat' dir='ltr'>ut</span> <span class='ocrx_word' id='word_1_104' title='bbox 754 2025 893 2088; x_wconf 82' lang='lat' dir='ltr'>unquam</span> <span class='ocrx_word' id='word_1_105' title='bbox 917 2003 1095 2066; x_wconf 81' lang='lat' dir='ltr'>habuerunt</span> <span class='ocrx_word' id='word_1_106' title='bbox 1110 2003 1160 2068; x_wconf 91' lang='lat' dir='ltr'>vel</span> <span class='ocrx_word' id='word_1_107' title='bbox 1182 2008 1353 2068; x_wconf 87' lang='lat' dir='ltr'>tenuerunt</span> 
     </span>
     <span class='ocr_line' id='line_1_14' title="bbox 351 2113 1352 2199; baseline 0.004 -25"><span class='ocrx_word' id='word_1_108' title='bbox 351 2119 426 2177; x_wconf 86' lang='lat' dir='ltr'>ante</span> <span class='ocrx_word' id='word_1_109' title='bbox 462 2121 668 2198; x_wconf 81' lang='lat' dir='ltr'>conquestum</span> <span class='ocrx_word' id='word_1_110' title='bbox 698 2137 812 2193; x_wconf 88' lang='lat' dir='ltr'>euum;</span> <span class='ocrx_word' id='word_1_111' title='bbox 850 2119 882 2178; x_wconf 92' lang='lat' dir='ltr'>et</span> <span class='ocrx_word' id='word_1_112' title='bbox 911 2114 995 2198; x_wconf 92' lang='lat' dir='ltr'>quod</span> <span class='ocrx_word' id='word_1_113' title='bbox 1032 2113 1093 2199; x_wconf 86' lang='lat' dir='ltr'>ipsi</span> <span class='ocrx_word' id='word_1_114' title='bbox 1130 2113 1164 2177; x_wconf 92' lang='lat' dir='ltr'>in</span> <span class='ocrx_word' id='word_1_115' title='bbox 1192 2120 1352 2198; x_wconf 87' lang='lat' dir='ltr'>posterum</span> 
     </span>
     <span class='ocr_line' id='line_1_15' title="bbox 351 2224 1352 2310; baseline 0.004 -23"><span class='ocrx_word' id='word_1_116' title='bbox 351 2229 538 2288; x_wconf 84' lang='lat' dir='ltr'>vocarentur</span> <span class='ocrx_word' id='word_1_117' title='bbox 561 2225 713 2310; x_wconf 85' lang='lat' dir='ltr'>Dreuges.</span> <span class='ocrx_word' id='word_1_118' title='bbox 760 2225 861 2309; x_wconf 87' lang='lat' dir='ltr'>Super</span> <span class='ocrx_word' id='word_1_119' title='bbox 883 2224 967 2309; x_wconf 91' lang='lat' dir='ltr'>quod</span> <span class='ocrx_word' id='word_1_120' title='bbox 989 2224 1073 2289; x_wconf 88' lang='lat' dir='ltr'>idem</span> <span class='ocrx_word' id='word_1_121' title='bbox 1096 2247 1150 2290; x_wconf 85' lang='lat' dir='ltr'>rex</span> <span class='ocrx_word' id='word_1_122' title='bbox 1172 2225 1211 2288; x_wconf 87' lang='lat' dir='ltr'>ad</span> <span class='ocrx_word' id='word_1_123' title='bbox 1234 2233 1352 2290; x_wconf 78' lang='lat' dir='ltr'>sestam</span> 
     </span>
     <span class='ocr_line' id='line_1_16' title="bbox 350 2334 1353 2421; baseline 0.002 -23"><span class='ocrx_word' id='word_1_124' title='bbox 350 2335 492 2419; x_wconf 83' lang='lat' dir='ltr'>praedioti</span> <span class='ocrx_word' id='word_1_125' title='bbox 507 2334 634 2398; x_wconf 86' lang='lat' dir='ltr'>Edwini</span> <span class='ocrx_word' id='word_1_126' title='bbox 649 2336 814 2400; x_wconf 85' lang='lat' dir='ltr'>mandavit</span> <span class='ocrx_word' id='word_1_127' title='bbox 836 2335 991 2421; x_wconf 71' lang='lat' dir='ltr'>predictis</span> <span class='ocrx_word' id='word_1_128' title='bbox 1007 2335 1181 2399; x_wconf 90' lang='lat' dir='ltr'>Willielmo</span> <span class='ocrx_word' id='word_1_129' title='bbox 1198 2335 1353 2418; x_wconf 84' lang='lat' dir='ltr'>piuoernae</span> 
     </span>
     <span class='ocr_line' id='line_1_17' title="bbox 351 2446 1352 2532; baseline 0.001 -23"><span class='ocrx_word' id='word_1_130' title='bbox 351 2453 384 2510; x_wconf 89' lang='lat' dir='ltr'>et</span> <span class='ocrx_word' id='word_1_131' title='bbox 398 2446 571 2511; x_wconf 87' lang='lat' dir='ltr'>Willielmo</span> <span class='ocrx_word' id='word_1_132' title='bbox 587 2446 625 2510; x_wconf 92' lang='lat' dir='ltr'>de</span> <span class='ocrx_word' id='word_1_133' title='bbox 644 2447 815 2512; x_wconf 81' lang='lat' dir='ltr'>Worennia</span> <span class='ocrx_word' id='word_1_134' title='bbox 836 2447 919 2532; x_wconf 90' lang='lat' dir='ltr'>quod</span> <span class='ocrx_word' id='word_1_135' title='bbox 941 2447 1002 2530; x_wconf 86' lang='lat' dir='ltr'>ipsi</span> <span class='ocrx_word' id='word_1_136' title='bbox 1017 2446 1190 2510; x_wconf 86' lang='lat' dir='ltr'>deliberent</span> <span class='ocrx_word' id='word_1_137' title='bbox 1204 2446 1352 2529; x_wconf 83' lang='lat' dir='ltr'>praedioto</span> 
     </span>
     <span class='ocr_line' id='line_1_18' title="bbox 352 2557 1353 2641; baseline 0 -20"><span class='ocrx_word' id='word_1_138' title='bbox 352 2557 485 2622; x_wconf 84' lang='lat' dir='ltr'>Edwino</span> <span class='ocrx_word' id='word_1_139' title='bbox 509 2579 616 2622; x_wconf 90' lang='lat' dir='ltr'>omnes</span> <span class='ocrx_word' id='word_1_140' title='bbox 640 2561 739 2622; x_wconf 81' lang='lat' dir='ltr'>terres</span> <span class='ocrx_word' id='word_1_141' title='bbox 763 2563 797 2622; x_wconf 91' lang='lat' dir='ltr'>et</span> <span class='ocrx_word' id='word_1_142' title='bbox 822 2557 1051 2622; x_wconf 85' lang='lat' dir='ltr'>dominationes</span> <span class='ocrx_word' id='word_1_143' title='bbox 1076 2579 1148 2622; x_wconf 81' lang='lat' dir='ltr'>suas</span> <span class='ocrx_word' id='word_1_144' title='bbox 1175 2579 1213 2621; x_wconf 85' lang='lat' dir='ltr'>ex</span> <span class='ocrx_word' id='word_1_145' title='bbox 1238 2557 1353 2641; x_wconf 87' lang='lat' dir='ltr'>quibus</span> 
     </span>
     <span class='ocr_line' id='line_1_19' title="bbox 351 2670 606 2753; baseline -0.008 -20"><span class='ocrx_word' id='word_1_146' title='bbox 351 2670 509 2753; x_wconf 85' lang='lat' dir='ltr'>ejecerunt</span> <span class='ocrx_word' id='word_1_147' title='bbox 524 2691 606 2732; x_wconf 88' lang='lat' dir='ltr'>eum.</span> 
     </span>
    </p>
   </div>
   <div class='ocr_carea' id='block_1_5' title="bbox 623 2829 1082 2888">
    <p class='ocr_par' dir='ltr' id='par_1_5' title="bbox 623 2829 1082 2888">
     <span class='ocr_line' id='line_1_20' title="bbox 623 2829 1082 2888; baseline 0 -10"><span class='ocrx_word' id='word_1_148' title='bbox 623 2829 660 2878; x_wconf 82' lang='lat' dir='ltr'>As</span> <span class='ocrx_word' id='word_1_149' title='bbox 672 2831 700 2878; x_wconf 88' lang='lat' dir='ltr'>to</span> <span class='ocrx_word' id='word_1_150' title='bbox 711 2829 765 2878; x_wconf 89' lang='lat' dir='ltr'>this</span> <span class='ocrx_word' id='word_1_151' title='bbox 776 2843 843 2888; x_wconf 77' lang='lat' dir='ltr'>osse,</span> <span class='ocrx_word' id='word_1_152' title='bbox 856 2845 898 2878; x_wconf 87' lang='lat' dir='ltr'>see</span> <span class='ocrx_word' id='word_1_153' title='bbox 911 2831 955 2879; x_wconf 90' lang='lat' dir='ltr'>tho</span> <span class='ocrx_word' id='word_1_154' title='bbox 967 2829 1082 2880; x_wconf 71' lang='lat' dir='ltr'>Proteos.</span> 
     </span>
    </p>
   </div>
   <div class='ocr_carea' id='block_1_6' title="bbox 381 3337 1330 3428">
    <p class='ocr_par' dir='ltr' id='par_1_6' title="bbox 381 3337 1330 3428">
     <span class='ocr_line' id='line_1_21' title="bbox 381 3337 1330 3428; baseline 0.006 -26"><span class='ocrx_word' id='word_1_155' title='bbox 381 3339 519 3423; x_wconf 80' lang='lat' dir='ltr'>[Bienor</span> <span class='ocrx_word' id='word_1_156' title='bbox 542 3337 707 3404; x_wconf 75' lang='lat' dir='ltr'>Wurerru</span> <span class='ocrx_word' id='word_1_157' title='bbox 729 3362 757 3405; x_wconf 83' lang='lat' dir='ltr'>o.</span> <span class='ocrx_word' id='word_1_158' title='bbox 779 3339 991 3406; x_wconf 83' lang='lat' dir='ltr'>Anonnrsnor</span> <span class='ocrx_word' id='word_1_159' title='bbox 1013 3343 1158 3408; x_wconf 73' lang='lat' dir='ltr'>Tirones.</span> <span class='ocrx_word' id='word_1_160' title='bbox 1203 3343 1330 3428; x_wconf 82' lang='grc' dir='ltr'>1070.]ι</span> 
     </span>
    </p>
   </div>
   <div class='ocr_carea' id='block_1_7' title="bbox 355 3511 1360 4044">
    <p class='ocr_par' dir='ltr' id='par_1_7' title="bbox 355 3511 1360 4044">
     <span class='ocr_line' id='line_1_22' title="bbox 355 3511 1354 3579; baseline 0.006 -18"><span class='ocrx_word' id='word_1_161' title='bbox 355 3511 467 3578; x_wconf 86' lang='lat' dir='ltr'>[Bishop</span> <span class='ocrx_word' id='word_1_162' title='bbox 479 3512 599 3562; x_wconf 78' lang='lat' dir='ltr'>Wulstou</span> <span class='ocrx_word' id='word_1_163' title='bbox 615 3512 645 3562; x_wconf 79' lang='lat' dir='ltr'>of</span> <span class='ocrx_word' id='word_1_164' title='bbox 652 3513 799 3563; x_wconf 79' lang='lat' dir='ltr'>Worosster</span> <span class='ocrx_word' id='word_1_165' title='bbox 816 3513 876 3578; x_wconf 83' lang='lat' dir='ltr'>“by</span> <span class='ocrx_word' id='word_1_166' title='bbox 894 3515 939 3564; x_wconf 83' lang='lat' dir='ltr'>tho</span> <span class='ocrx_word' id='word_1_167' title='bbox 952 3515 1009 3578; x_wconf 85' lang='lat' dir='ltr'>just</span> <span class='ocrx_word' id='word_1_168' title='bbox 1022 3515 1162 3579; x_wconf 78' lang='lat' dir='ltr'>jndgment</span> <span class='ocrx_word' id='word_1_169' title='bbox 1178 3517 1207 3566; x_wconf 79' lang='lat' dir='ltr'>of</span> <span class='ocrx_word' id='word_1_170' title='bbox 1223 3517 1302 3566; x_wconf 58' lang='grc' dir='ltr'>(Μ’</span> <span class='ocrx_word' id='word_1_171' title='bbox 1315 3533 1354 3567; x_wconf 84' lang='lat' dir='ltr'>re·</span> 
     </span>
     <span class='ocr_line' id='line_1_23' title="bbox 419 3589 1356 3655; baseline 0.006 -16"><span class='ocrx_word' id='word_1_172' title='bbox 419 3605 508 3640; x_wconf 79' lang='lat' dir='ltr'>covers</span> <span class='ocrx_word' id='word_1_173' title='bbox 525 3591 600 3639; x_wconf 85' lang='lat' dir='ltr'>lende</span> <span class='ocrx_word' id='word_1_174' title='bbox 616 3589 646 3638; x_wconf 76' lang='lat' dir='ltr'>of</span> <span class='ocrx_word' id='word_1_175' title='bbox 659 3591 778 3649; x_wconf 64' lang='lat' dir='ltr'>Thomas,</span> <span class='ocrx_word' id='word_1_176' title='bbox 790 3592 945 3655; x_wconf 74' lang='lat' dir='ltr'>orohbishop</span> <span class='ocrx_word' id='word_1_177' title='bbox 956 3593 986 3640; x_wconf 83' lang='lat' dir='ltr'>of</span> <span class='ocrx_word' id='word_1_178' title='bbox 999 3593 1076 3652; x_wconf 89' lang='lat' dir='ltr'>York‚</span> <span class='ocrx_word' id='word_1_179' title='bbox 1088 3595 1173 3643; x_wconf 82' lang='lat' dir='ltr'>which</span> <span class='ocrx_word' id='word_1_180' title='bbox 1192 3595 1237 3644; x_wconf 89' lang='lat' dir='ltr'>the</span> <span class='ocrx_word' id='word_1_181' title='bbox 1253 3596 1356 3646; x_wconf 67' lang='lat' dir='ltr'>letters</span> 
     </span>
     <span class='ocr_line' id='line_1_24' title="bbox 420 3667 1356 3731; baseline 0.006 -14"><span class='ocrx_word' id='word_1_182' title='bbox 420 3669 585 3731; x_wconf 87' lang='lat' dir='ltr'>prodeoossor</span> <span class='ocrx_word' id='word_1_183' title='bbox 604 3667 656 3715; x_wconf 85' lang='lat' dir='ltr'>had</span> <span class='ocrx_word' id='word_1_184' title='bbox 673 3668 791 3716; x_wconf 78' lang='lat' dir='ltr'>retained</span> <span class='ocrx_word' id='word_1_185' title='bbox 810 3669 886 3716; x_wconf 84' lang='lat' dir='ltr'>when</span> <span class='ocrx_word' id='word_1_186' title='bbox 905 3669 1066 3719; x_wconf 75' lang='lat' dir='ltr'>transferred</span> <span class='ocrx_word' id='word_1_187' title='bbox 1083 3672 1148 3720; x_wconf 78' lang='lat' dir='ltr'>from</span> <span class='ocrx_word' id='word_1_188' title='bbox 1165 3673 1310 3723; x_wconf 79' lang='lat' dir='ltr'>Woroestor</span> <span class='ocrx_word' id='word_1_189' title='bbox 1327 3678 1356 3723; x_wconf 93' lang='lat' dir='ltr'>to</span> 
     </span>
     <span class='ocr_line' id='line_1_25' title="bbox 420 3745 1356 3809; baseline 0.004 -12"><span class='ocrx_word' id='word_1_190' title='bbox 420 3746 507 3806; x_wconf 82' lang='lat' dir='ltr'>York;</span> <span class='ocrx_word' id='word_1_191' title='bbox 525 3747 571 3796; x_wconf 88' lang='lat' dir='ltr'>the</span> <span class='ocrx_word' id='word_1_192' title='bbox 582 3745 700 3808; x_wconf 84' lang='lat' dir='ltr'>pleintiff</span> <span class='ocrx_word' id='word_1_193' title='bbox 708 3745 806 3808; x_wconf 84' lang='lat' dir='ltr'>hoving</span> <span class='ocrx_word' id='word_1_194' title='bbox 817 3745 881 3794; x_wconf 87' lang='lat' dir='ltr'>been</span> <span class='ocrx_word' id='word_1_195' title='bbox 893 3748 1036 3809; x_wconf 86' lang='lat' dir='ltr'>compelled</span> <span class='ocrx_word' id='word_1_196' title='bbox 1049 3753 1076 3797; x_wconf 92' lang='lat' dir='ltr'>to</span> <span class='ocrx_word' id='word_1_197' title='bbox 1088 3749 1160 3798; x_wconf 81' lang='lat' dir='ltr'>deser</span> <span class='ocrx_word' id='word_1_198' title='bbox 1170 3751 1212 3799; x_wconf 87' lang='lat' dir='ltr'>his</span> <span class='ocrx_word' id='word_1_199' title='bbox 1224 3753 1277 3800; x_wconf 88' lang='lat' dir='ltr'>snit</span> <span class='ocrx_word' id='word_1_200' title='bbox 1288 3753 1356 3800; x_wconf 89' lang='lat' dir='ltr'>until</span> 
     </span>
     <span class='ocr_line' id='line_1_26' title="bbox 421 3824 1360 3888; baseline 0.004 -16"><span class='ocrx_word' id='word_1_201' title='bbox 421 3824 466 3872; x_wconf 88' lang='lat' dir='ltr'>tho</span> <span class='ocrx_word' id='word_1_202' title='bbox 477 3839 593 3888; x_wconf 79' lang='lat' dir='ltr'>vuoeney</span> <span class='ocrx_word' id='word_1_203' title='bbox 603 3825 631 3872; x_wconf 88' lang='lat' dir='ltr'>in</span> <span class='ocrx_word' id='word_1_204' title='bbox 643 3825 688 3873; x_wconf 86' lang='lat' dir='ltr'>the</span> <span class='ocrx_word' id='word_1_205' title='bbox 706 3838 749 3872; x_wconf 86' lang='lat' dir='ltr'>see</span> <span class='ocrx_word' id='word_1_206' title='bbox 760 3824 790 3872; x_wconf 81' lang='lat' dir='ltr'>of</span> <span class='ocrx_word' id='word_1_207' title='bbox 801 3824 869 3872; x_wconf 83' lang='lat' dir='ltr'>York</span> <span class='ocrx_word' id='word_1_208' title='bbox 881 3841 936 3874; x_wconf 78' lang='lat' dir='ltr'>wne</span> <span class='ocrx_word' id='word_1_209' title='bbox 949 3825 1018 3874; x_wconf 84' lang='lat' dir='ltr'>filled</span> <span class='ocrx_word' id='word_1_210' title='bbox 1037 3827 1072 3888; x_wconf 90' lang='lat' dir='ltr'>by</span> <span class='ocrx_word' id='word_1_211' title='bbox 1084 3827 1130 3875; x_wconf 88' lang='lat' dir='ltr'>the</span> <span class='ocrx_word' id='word_1_212' title='bbox 1141 3830 1319 3877; x_wconf 76' lang='lat' dir='ltr'>oonseomtion</span> <span class='ocrx_word' id='word_1_213' title='bbox 1330 3829 1360 3878; x_wconf 79' lang='lat' dir='ltr'>ot‘</span> 
     </span>
     <span class='ocr_line' id='line_1_27' title="bbox 421 3901 1357 3966; baseline 0.005 -19"><span class='ocrx_word' id='word_1_214' title='bbox 421 3901 466 3948; x_wconf 87' lang='lat' dir='ltr'>the</span> <span class='ocrx_word' id='word_1_215' title='bbox 483 3901 632 3952; x_wconf 78' lang='lat' dir='ltr'>defendunt.</span> <span class='ocrx_word' id='word_1_216' title='bbox 666 3902 736 3950; x_wconf 73' lang='lat' dir='ltr'>&#39;friat</span> <span class='ocrx_word' id='word_1_217' title='bbox 748 3902 836 3950; x_wconf 75' lang='lat' dir='ltr'>before</span> <span class='ocrx_word' id='word_1_218' title='bbox 848 3903 893 3952; x_wconf 87' lang='lat' dir='ltr'>the</span> <span class='ocrx_word' id='word_1_219' title='bbox 911 3903 982 3964; x_wconf 80' lang='lat' dir='ltr'>king,</span> <span class='ocrx_word' id='word_1_220' title='bbox 995 3905 1150 3966; x_wconf 83' lang='lat' dir='ltr'>orehbishop</span> <span class='ocrx_word' id='word_1_221' title='bbox 1164 3904 1299 3963; x_wconf 79' lang='lat' dir='ltr'>Lonsruno,</span> <span class='ocrx_word' id='word_1_222' title='bbox 1312 3906 1357 3953; x_wconf 91' lang='lat' dir='ltr'>the</span> 
     </span>
     <span class='ocr_line' id='line_1_28' title="bbox 421 3977 981 4044; baseline 0.007 -18"><span class='ocrx_word' id='word_1_223' title='bbox 421 3977 535 4039; x_wconf 85' lang='lat' dir='ltr'>bishops,</span> <span class='ocrx_word' id='word_1_224' title='bbox 548 3980 736 4038; x_wconf 60' lang='lat' dir='ltr'>subornastis,</span> <span class='ocrx_word' id='word_1_225' title='bbox 749 3980 800 4028; x_wconf 78' lang='lat' dir='ltr'>ond</span> <span class='ocrx_word' id='word_1_226' title='bbox 812 3987 887 4043; x_wconf 74' lang='lat' dir='ltr'>great</span> <span class='ocrx_word' id='word_1_227' title='bbox 899 3979 981 4044; x_wconf 78' lang='lat' dir='ltr'>mon]</span> 
     </span>
    </p>
   </div>
   <div class='ocr_carea' id='block_1_8' title="bbox 356 4127 1357 4216">
    <p class='ocr_par' dir='ltr' id='par_1_8' title="bbox 356 4127 1357 4216">
     <span class='ocr_line' id='line_1_29' title="bbox 356 4127 1357 4216; baseline 0.007 -27"><span class='ocrx_word' id='word_1_228' title='bbox 356 4127 398 4190; x_wconf 81' lang='lat' dir='ltr'>Iu</span> <span class='ocrx_word' id='word_1_229' title='bbox 419 4127 477 4190; x_wconf 88' lang='lat' dir='ltr'>hoe</span> <span class='ocrx_word' id='word_1_230' title='bbox 492 4127 599 4212; x_wconf 80' lang='lat' dir='ltr'>itaque</span> <span class='ocrx_word' id='word_1_231' title='bbox 613 4127 768 4207; x_wconf 77' lang='lat' dir='ltr'>eoncilio‚²</span> <span class='ocrx_word' id='word_1_232' title='bbox 785 4131 860 4194; x_wconf 88' lang='lat' dir='ltr'>dum</span> <span class='ocrx_word' id='word_1_233' title='bbox 881 4131 984 4195; x_wconf 79' lang='lat' dir='ltr'>oaeteri</span> <span class='ocrx_word' id='word_1_234' title='bbox 1006 4131 1131 4216; x_wconf 89' lang='lat' dir='ltr'>trepidi,</span> <span class='ocrx_word' id='word_1_235' title='bbox 1147 4137 1256 4215; x_wconf 88' lang='lat' dir='ltr'>utpote</span> <span class='ocrx_word' id='word_1_236' title='bbox 1273 4132 1357 4215; x_wconf 84' lang='lat' dir='ltr'>regis</span> 
     </span>
    </p>
   </div>
   <div class='ocr_carea' id='block_1_9' title="bbox 481 4287 1225 4425">
    <p class='ocr_par' dir='ltr' id='par_1_9' title="bbox 481 4287 1225 4425">
     <span class='ocr_line' id='line_1_30' title="bbox 482 4287 1225 4354; baseline 0.007 -20"><span class='ocrx_word' id='word_1_237' title='bbox 482 4287 490 4320; x_wconf 89' lang='lat'><strong>¹</strong></span> <span class='ocrx_word' id='word_1_238' title='bbox 508 4289 524 4334; x_wconf 85' lang='lat'>2</span> <span class='ocrx_word' id='word_1_239' title='bbox 536 4287 660 4336; x_wconf 81' lang='lat' dir='ltr'>Florenoe</span> <span class='ocrx_word' id='word_1_240' title='bbox 672 4287 700 4336; x_wconf 78' lang='lat' dir='ltr'>ot</span> <span class='ocrx_word' id='word_1_241' title='bbox 710 4289 862 4348; x_wconf 85' lang='lat' dir='ltr'>Woroeeter,</span> <span class='ocrx_word' id='word_1_242' title='bbox 875 4289 897 4348; x_wconf 83' lang='lat'>5,</span> <span class='ocrx_word' id='word_1_243' title='bbox 909 4289 932 4348; x_wconf 89' lang='lat'>6,</span> <span class='ocrx_word' id='word_1_244' title='bbox 944 4291 960 4337; x_wconf 89' lang='grc'>8</span> <span class='ocrx_word' id='word_1_245' title='bbox 972 4287 1048 4352; x_wconf 84' lang='lat' dir='ltr'>(Eng.</span> <span class='ocrx_word' id='word_1_246' title='bbox 1062 4289 1133 4339; x_wconf 86' lang='lat' dir='ltr'>Hist.</span> <span class='ocrx_word' id='word_1_247' title='bbox 1147 4289 1225 4354; x_wconf 72' lang='lat' dir='ltr'>soe).</span> 
     </span>
     <span class='ocr_line' id='line_1_31' title="bbox 481 4365 1079 4425; baseline 0.003 -12"><span class='ocrx_word' id='word_1_248' title='bbox 481 4365 490 4396; x_wconf 86' lang='lat'>¹</span> <span class='ocrx_word' id='word_1_249' title='bbox 509 4365 546 4414; x_wconf 82' lang='lat' dir='ltr'>At</span> <span class='ocrx_word' id='word_1_250' title='bbox 557 4365 724 4425; x_wconf 83' lang='lat' dir='ltr'>Winoheetor,</span> <span class='ocrx_word' id='word_1_251' title='bbox 737 4367 767 4414; x_wconf 79' lang='lat' dir='ltr'>io</span> <span class='ocrx_word' id='word_1_252' title='bbox 779 4369 874 4415; x_wconf 81' lang='lat' dir='ltr'>octavis</span> <span class='ocrx_word' id='word_1_253' title='bbox 886 4369 994 4424; x_wconf 74' lang='lat' dir='ltr'>Pascha,</span> <span class='ocrx_word' id='word_1_254' title='bbox 1008 4367 1079 4420; x_wconf 78' lang='lat'>1070.</span> 
     </span>
    </p>
   </div>
   <div class='ocr_carea' id='block_1_10' title="bbox 0 0 1633 5112">
    <p class='ocr_par' dir='ltr' id='par_1_10' title="bbox 0 0 1633 5112">
     <span class='ocr_line' id='line_1_32' title="bbox 0 0 1633 5112; baseline 0 0"><span class='ocrx_word' id='word_1_255' title='bbox 0 0 1633 5112; x_wconf 95' lang='lat' dir='ltr'> </span> 
     </span>
    </p>
   </div>
  </div>
 </body>
</html>
