3286 5142
383 609 445 672 150
630 623 763 669 emeres
784 623 1134 672 enom-nonusnurcr.

427 799 557 888 [Annor
578 801 726 866 Grunnur
747 823 773 868 c.
795 803 888 866 Eser,
911 801 1060 866 Gmnmr
1081 820 1149 867 run
1171 801 1298 882 Proin,
1318 822 1341 865 r

736 913 857 977 Cannu.
903 913 1036 997 1145]ι

382 1073 547 1140 [Deposition
555 1075 586 1124 of
594 1074 711 1124 Bernard
719 1074 818 1124 thothe
825 1089 879 1124 saw
890 1074 943 1126 und
953 1075 1033 1124 heard
1044 1075 1076 1126 B.
1086 1073 1116 1124 G.
1128 1075 1188 1138 give
1196 1078 1249 1124 two
1256 1074 1382 1124 ohurohes

446 1157 474 1201 to
486 1153 531 1202 the
550 1152 630 1202 abbot
640 1151 670 1202 ol
684 1151 843 1210 dionaeum,
855 1152 908 1202 and
925 1153 985 1202 that
995 1153 1060 1216 king
1076 1152 1168 1217 Henry
1178 1151 1319 1202 confirmed
1336 1150 1383 1200 tho

445 1227 518 1294 cist]

381 1345 592 1410 Vunnnmrnr
615 1345 744 1410 domino
768 1345 958 1424 Alexandro,
986 1345 1217 1411 Liucolniensis
1245 1343 1381 1410 eeclesia

381 1457 534 1542 episcopo,
550 1457 730 1542 caeterisque
745 1457 869 1522 dilectis
882 1456 918 1521 in
933 1457 1061 1522 Christo
1072 1457 1223 1522 fratribus
1238 1454 1381 1521 ecclesia·

380 1589 453 1632 rum
477 1567 578 1634 totius
602 1568 741 1652 Angliae,
764 1575 833 1633 tam
853 1567 992 1653 praelatis
1012 1590 1108 1653 quam
1131 1565 1278 1646 subditis,
1302 1565 1380 1630 Ber·

380 1679 509 1759 nardus,
521 1680 656 1745 ecclesiae
673 1679 783 1744 Sancti
794 1679 930 1744 Davidis
942 1679 1087 1744 minister
1095 1679 1235 1758 humilis,
1245 1678 1379 1743 salutem

380 1790 415 1854 in
440 1789 589 1856 Domino.
635 1791 773 1856 caritati
788 1796 900 1856 vcstrae
915 1797 1026 1856 notum
1041 1791 1185 1870 facimus,
1199 1795 1233 1856 et
1252 1788 1326 1874 quia
1340 1787 1380 1852 ad

379 1924 516 1985 praesens
530 1903 625 1968 verbo
646 1924 712 1967 non
727 1925 903 1987 possumus,
917 1901 1034 1987 scripto
1049 1909 1215 1981 testamur,
1229 1922 1287 1964 nos
1303 1923 1379 1985 prae-

380 2019 484 2078 scntes
499 2015 633 2094 affuisse,
644 2016 702 2079 hoc
713 2013 811 2079 etiarn
822 2013 938 2078 vidisse
947 2011 1213 2097 etaudisse,quod
1224 2012 1380 2078 Robertus

381 2125 513 2190 Gcrnun
528 2125 616 2189 dedit
642 2127 759 2190 Sancto
775 2126 880 2202 Petro,
896 2131 929 2189 et
944 2126 1038 2189 Petro
1052 2122 1160 2188 abbati
1175 2123 1214 2188 de
1231 2123 1381 2187 Glouces·

380 2236 452 2314 trie,
485 2241 519 2300 et
541 2236 703 2300 monachis
729 2236 808 2320 ejus,
834 2234 995 2299 ecclesiam
1022 2233 1061 2298 de
1084 2233 1325 2314 Wirecesbuu'a,
1348 2241 1382 2298 ct

379 2346 540 2412 ecclesiam
566 2347 606 2412 de
631 2345 873 2422 Laverlrestolre,
899 2351 932 2410 et
955 2345 1063 2409 omnia
1090 2367 1161 2430 qua
1190 2345 1230 2410 od
1258 2344 1381 2410 casdem

380 2457 524 2521 ecclesiae
538 2457 707 2542 pertinent,
723 2461 756 2522 ct
777 2455 945 2520 dimidium
967 2455 1195 2537 molendinum,
1209 2461 1242 2520 et
1264 2455 1380 2520 medie·

378 2575 479 2633 tatem
494 2573 584 2632 terrae
598 2590 668 2653 quie
682 2567 722 2632 ad
737 2567 816 2631 illud
831 2567 979 2652 pertinet.
1018 2567 1089 2632 Hoc
1104 2567 1230 2652 quidem
1243 2566 1381 2632 vidimus

379 2684 413 2742 et
434 2683 600 2744 testamur.
645 2677 770 2742 Scimus
795 2677 892 2743 etiam
915 2677 1001 2762 quod
1020 2699 1076 2742 rex
1100 2677 1258 2742 chricus
1281 2677 1380 2742 donu-

379 2788 499 2854 tioncm
515 2788 602 2852 illam
611 2789 773 2867 concessit,
786 2794 819 2854 ct
828 2795 916 2853 curta
930 2811 986 2852 sua
995 2787 1205 2854 confirmavit.
1228 2787 1380 2852 Vidimus

377 2899 473 2964 etiam
489 2900 572 2985 quod
587 2899 713 2964 dominu
727 2922 797 2964 mea
810 2899 947 2963 Matilda
961 2897 1071 2982 regina
1084 2898 1189 2983 ipsum
1205 2897 1380 2964 Robertum

381 3011 514 3076 Gemun
538 3032 636 3095 usque
661 3009 701 3074 ad
725 3009 823 3074 altare
847 3009 958 3074 Sancti
976 3009 1063 3074 Petri
1087 3009 1290 3074 Glouccstria
1304 3031 1378 3074 oon·

379 3121 483 3197 duxit,
509 3121 564 3184 ubi
594 3120 671 3205 ipse,
696 3127 820 3185 astante
849 3121 969 3205 regina,
994 3120 1199 3206 pluribusque
1221 3119 1300 3200 aliis,
1323 3143 1380 3206 per

379 3230 543 3296 cultellum
558 3253 651 3315 super
664 3231 762 3296 altare
777 3230 978 3296 donationem
992 3230 1081 3294 illum
1096 3230 1305 3297 confirmavit.

570 3381 683 3448 [Beoord
694 3383 724 3433 of
732 3383 906 3448 adjudication
916 3385 944 3432 in
956 3397 972 3432 a
982 3383 1070 3447 publio
1081 3381 1186 3448 synod]

425 3520 585 3585 Quoniam
615 3543 661 3600 ea,
686 3543 755 3605 quae
785 3521 826 3585 ad
861 3521 1036 3584 utilitatem
1063 3519 1199 3584 ecclesia
1225 3524 1379 3603 spectant,

379 3631 551 3716 diligenter
565 3631 726 3716 providere
750 3638 783 3696 ct
809 3631 976 3696 efficaciter
999 3630 1139 3715 implere,
1156 3629 1275 3695 credita
1288 3630 1381 3695 nobis

379 3742 623 3828 dispensatione,
646 3741 805 3820 debemus,
821 3741 890 3807 ideo
912 3764 971 3826 ego
995 3741 1110 3821 David,
1133 3741 1381 3826 Buginghamiae

380 3853 442 3917 Dei
474 3853 579 3937 gratia
612 3853 860 3933 archidiaconus,
885 3859 953 3917 tam
979 3853 1125 3938 praesenti
1161 3854 1249 3918 aetati
1284 3875 1381 3940 quam

378 3962 493 4027 futurae
513 3963 692 4047 posteritati
709 3964 793 4048 quod
805 3964 843 4029 de
863 3987 956 4029 causa
971 3964 1095 4030 abbatis
1110 3971 1142 4030 et
1157 3964 1382 4029 monachorum

381 4073 586 4138 Gloucestriae
609 4075 643 4138 in
668 4075 835 4159 prasentia
859 4087 968 4141 nostro
991 4082 1096 4140 actum
1121 4081 1170 4140 est
1192 4073 1231 4140 de
1245 4073 1382 4139 ecclesiis

378 4181 417 4246 de
431 4182 652 4248 Wirecesbiria
668 4190 701 4248 ct
717 4185 898 4271 Langeleya
914 4186 1064 4271 prasenti
1087 4185 1204 4270 scripto
1221 4184 1383 4250 notificare

586 4379 592 4410 ¹
611 4383 734 4434 2Gl1ron·
748 4385 818 4435 Mon.
833 4386 921 4436 Glouc.
936 4389 984 4437 166
997 4387 1071 4449 (Reo.
1084 4387 1175 4450 Corn).
