3286 5142
713 649 865 698 maruan.
1229 639 1290 703 155

290 795 451 862 ecclesiam
481 799 519 864 de
549 800 731 886 Langeleia,
757 825 830 868 cum
853 804 1046 886 hominibus,
1071 813 1105 873 et
1126 809 1230 892 terrie,
1257 817 1290 877 et

288 905 427 988 decimis,
442 915 476 974 et
492 933 565 975 cum
580 914 725 978 omnibus
741 914 781 979 ad
795 915 939 982 ecclesiae
954 917 1030 982 istae
1044 919 1288 1002 pertinentibus.

289 1017 358 1082 Hae
372 1019 473 1105 igitur
486 1023 630 1088 ecclesias
640 1025 711 1090 volo
720 1033 752 1090 et
762 1026 908 1112 praecipio
917 1033 955 1092 ut
965 1028 1054 1109 bene,
1067 1035 1099 1094 et
1109 1029 1289 1110 honorifice,

286 1134 319 1193 et
332 1129 438 1212 libere,
454 1139 487 1198 et
501 1135 605 1218 quiete
619 1141 760 1216 teneant,
774 1137 822 1203 ita
836 1137 920 1223 quod
934 1139 1041 1204 nullus
1067 1141 1112 1206 eia
1135 1141 1286 1227 injuriam

286 1261 386 1326 neque
424 1246 647 1310 contumeliam
682 1247 787 1313 faciat.
844 1251 936 1316 Teste
968 1251 1130 1336 Stephano
1159 1254 1198 1320 de
1225 1256 1284 1320 Ca-

286 1351 374 1431 meis,
389 1357 460 1418 etc.¹

316 1478 342 1527 Δ
352 1482 533 1533 confirmation
548 1485 584 1548 by
594 1485 641 1534 the
659 1485 724 1549 king
741 1487 765 1536 ia
781 1487 837 1536 aleo
853 1487 940 1550 given,
952 1489 981 1538 in
996 1490 1043 1541 tha
1063 1507 1136 1543 name
1146 1493 1285 1560 lengum,

284 1557 478 1626 anbatantially‚
491 1577 520 1612 aa
531 1563 592 1613 that
602 1565 637 1628 by
649 1563 740 1629 Hemy
752 1564 784 1626 1.,
796 1581 884 1626 alapam

288 2175 425 2260 [Menas
451 2197 490 2243 or
514 2179 701 2245 Baesaaacn
729 2200 797 2245 ann
825 2182 935 2261 Proor,
958 2181 1130 2246 Caranum
1159 2200 1198 2245 or
1229 2181 1281 2247 Sa.

594 2293 765 2358 Gnnonnr.
810 2293 936 2376 1146.]¹

282 2425 395 2490 [Record
406 2426 436 2476 ol
448 2442 464 2476 a
476 2427 616 2492 jndgment
634 2429 791 2492 concaming
809 2446 825 2479 a
841 2430 940 2479 cemma
950 2429 1050 2492 chapel,
1068 2430 1104 2479 ita
1122 2428 1210 2488 tithan,
1228 2425 1282 2476 and

440 2511 588 2570 cometem
604 2507 666 2556 trial
676 2507 764 2556 before
775 2508 820 2556 the
830 2506 923 2569 biehop
931 2506 961 2555 os
974 2505 1115 2572 blandust]

281 2617 353 2698 Μ.,Ι
368 2618 429 2684 Dei
451 2621 557 2704 gratia
581 2621 797 2686 Laudavensie
820 2621 992 2706 episcopus,
1018 2619 1165 2685 omnibus
1189 2639 1281 2702 paro·

280 2729 401 2794 chianis
417 2731 525 2797 suiset
539 2732 648 2798 amicis
663 2733 781 2798 clericis
796 2739 829 2798 et
842 2732 931 2797 laicis
945 2733 979 2796 in
996 2731 1134 2810 Christo,
1145 2729 1279 2794 salutem

280 2846 313 2905 et
327 2839 587 2908 benedictionem.
631 2842 755 2908 Notum
770 2844 860 2909 vobis
875 2843 955 2909 facio
976 2843 1221 2908 controversiam
1247 2847 1279 2907 et

280 2951 515 3033 dissensionem,
531 2976 599 3039 quae
614 2953 699 3018 inter
714 2955 881 3019 monachos
895 2955 934 3020 de
949 2954 1116 3020 Baaselech
1137 2961 1171 3020 et
1188 2954 1277 3018 Pico-

277 3069 348 3127 tum
362 3064 559 3148 capellanum
576 3065 686 3130 Sancti
703 3066 841 3130 Gundlei
855 3067 893 3130 de
903 3067 1048 3132 terminia
1059 3064 1278 3150 parochiarum

281 3197 408 3239 suarum
424 3177 609 3258 habebatur,
624 3177 658 3241 in
673 3178 736 3242 mei
751 3179 916 3263 praesentia
931 3178 1134 3243 terminatam
1149 3182 1181 3241 et
1195 3176 1277 3240 diffi-

276 3284 378 3350 nitam
393 3286 510 3367 fuisse3
532 3288 591 3352 hac
613 3287 759 3354 videlicet
781 3289 1027 3354 consideratione
1050 3289 1135 3373 quod
1159 3287 1278 3371 capella

279 3396 403 3462 Sanctae
436 3398 596 3464 Gladewia
632 3420 727 3482 quam
765 3399 980 3463 laudomerus
1016 3421 1108 3482 super
1144 3397 1274 3462 fluvium

276 3508 383 3572 Eboth
413 3509 590 3589 aedificavit,
620 3517 653 3574 et
681 3531 788 3574 omnes
816 3510 944 3574 decimae
973 3509 1012 3573 ab
1041 3509 1149 3573 eodem
1180 3509 1276 3573 fluvio

274 3621 427 3705 usquead
443 3619 575 3684 fluvium
594 3620 719 3699 Uschae,
735 3627 768 3684 et
792 3643 811 3684 a
832 3621 977 3684 terminia
1003 3628 1093 3684 terrae
1119 3619 1274 3683 Willelmi

274 3733 312 3797 da
327 3731 513 3797 Bercherola
526 3754 624 3817 usque
640 3731 679 3796 ad
694 3755 788 3809 mare,
810 3737 842 3796 et
865 3755 992 3816 corpora
1017 3731 1124 3795 omnia
1147 3730 1274 3796 defunc-

274 3851 380 3909 torum
395 3843 530 3908 ecclesiae
544 3841 651 3907 Sancti
670 3841 807 3906 Gundlei
821 3842 920 3906 libera
933 3848 966 3907 et
978 3842 1084 3926 quieta
1099 3849 1273 3906 remanent.

274 3957 319 4020 Et
330 3955 385 4019 illa
395 3955 515 4019 decima
530 3977 624 4039 quam
640 3953 856 4019 Landomerus
871 3977 910 4019 ex
924 3954 986 4018 alia
999 3959 1089 4038 parte
1112 3955 1220 4020 Eboth
1236 3955 1274 4019 de

272 4075 357 4133 terra
371 4090 428 4131 sua
442 4065 576 4131 ecclesiae
593 4066 702 4130 Sancti
718 4064 855 4130 Gundlei
867 4065 1005 4144 dederat,
1016 4064 1152 4132 eeclesia
1164 4066 1274 4131 Sancti

274 4179 384 4243 Basilii
399 4183 550 4243 remanet.
594 4177 740 4242 [restibus
754 4176 915 4241 Abraham
941 4177 1101 4262 capellano
1125 4177 1273 4262 episcopi,

338 4313 345 4346 ¹
366 4317 416 4366 Sic·
671 4311 681 4344 ²
698 4314 821 4364 achron.
835 4314 904 4364 Mon.
919 4313 1009 4364 Glcno.
1022 4315 1054 4364 55
1066 4315 1137 4379 (Bao.
1149 4314 1241 4380 (lom).

468 4393 478 4426 ³
496 4393 591 4442 Uhtrid
603 4408 658 4442 waa
669 4391 761 4454 biabop
773 4393 802 4442 ol
815 4391 937 4442 blandaff
949 4393 976 4441 in
989 4391 1061 4442 1146.
