3286 5150
338 635 400 697 222
589 653 721 698 runem
744 652 1092 701 ηοω-1000111001.

337 805 453 892 cipiens
465 809 557 870 onrtae
566 827 655 870 novae
666 805 787 890 imponi
799 829 831 872 se
840 807 1111 874 confirmationem
1126 807 1214 872 illem
1230 807 1341 873 secisse

336 939 394 1001 pro
419 937 523 981 umore
545 916 606 981 Dei
632 923 664 981 et
688 915 842 1000 petitione
866 916 985 982 Odonis
1011 917 1147 998 abbatis,
1169 939 1286 983 nomen
1307 925 1341 982 et

337 1025 489 1091 meritum
512 1025 656 1114 ejusdem
681 1025 804 1092 abbatis
828 1027 938 1092 volens
965 1051 1031 1093 esse
1056 1029 1090 1092 in
1117 1028 1339 1094 recordatione.

337 1139 383 1202 Et
397 1137 546 1222 quonism
560 1137 595 1202 in
609 1137 704 1203 cartis
719 1142 752 1204 et
767 1139 988 1218 munimentis,
1003 1162 1023 1203 a
1038 1139 1170 1204 diversis
1188 1139 1340 1224 personis,

338 1248 461 1314 diverso
475 1255 615 1334 tempore
630 1270 723 1334 super
737 1249 844 1314 eodem
859 1250 987 1332 negotio
1002 1249 1096 1330 datis,
1111 1249 1191 1315 solet
1212 1250 1247 1314 in
1267 1271 1340 1334 pos·

338 1357 505 1424 terioribus
518 1357 660 1444 priorum
675 1357 795 1424 mentio
809 1358 888 1436 fieri,
904 1359 949 1424 its
964 1365 1003 1424 ut
1017 1359 1100 1444 quod
1121 1359 1277 1444 posterius
1291 1364 1341 1424 est

338 1470 483 1536 videntur
502 1469 746 1555 precedentium
767 1469 894 1554 exigere
915 1469 1135 1536 testimonium
1157 1468 1341 1557 hujusmodi

338 1581 452 1662 verbis,
467 1585 488 1618 “
498 1581 580 1648 sicut
594 1585 681 1646 carte
694 1581 749 1646 ills
764 1579 814 1646 vel
833 1580 920 1645 illius
936 1581 979 1646 N.
996 1580 1166 1658 testatur,”
1173 1579 1271 1668 jussit
1286 1602 1341 1646 rex

338 1713 379 1756 ne
401 1691 539 1757 clausule
559 1689 615 1755 illa
636 1691 835 1771 insereretur,
850 1690 905 1757 sed
926 1691 1021 1756 ulium
1040 1697 1135 1756 antes
1154 1690 1340 1755 inusitatam

338 1801 405 1887 ipse
419 1801 562 1882 dictavit,
577 1807 611 1866 et
625 1823 718 1886 super
731 1801 781 1866 his
796 1823 865 1886 quae
880 1800 1002 1866 videret
1022 1799 1056 1865 in
1071 1823 1202 1886 persons
1216 1800 1341 1885 propriu

338 1913 559 1979 testimonium
569 1913 749 2000 perhibens,
758 1920 852 1979 carte
860 1913 1008 2000 precepit
1018 1913 1151 1998 imponi,
1160 1913 1219 1978 hoc
1231 1913 1339 1978 modo:

339 2030 358 2061 “
374 2025 531 2090 Quoniam
548 2025 671 2111 inspexi
687 2031 808 2090 cartam
823 2025 979 2090 Willelmi
1004 2023 1115 2109 proavi
1140 2024 1212 2102 mei,
1228 2023 1263 2088 in
1278 2047 1341 2109 qus

337 2134 526 2222 praescriptus
549 2136 710 2202 libertates
732 2141 765 2202 et
786 2134 978 2222 quietantiae,
993 2141 1026 2201 et
1048 2135 1153 2200 liberie
1174 2142 1341 2201 consuetu·

338 2246 426 2312 dines
448 2247 488 2313 ab
508 2271 544 2314 co
566 2249 702 2334 praefstae
724 2249 860 2314 ecclesiae
879 2270 1029 2314 concessae
1044 2247 1319 2314 continebantur.”
1330 2247 1339 2280 ¹

337 2357 371 2424 N
372 2381 406 2423 ec
420 2357 613 2444 dedignatus
627 2365 675 2424 est
689 2357 819 2423 inclitus
834 2359 979 2445 princeps
994 2381 1086 2444 super
1099 2358 1340 2444 praedictnclsu-

338 2469 407 2534 sula
430 2468 555 2534 reddere
581 2469 745 2536 rationem.
799 2475 821 2505 “
834 2469 904 2544 Si,''
933 2468 1050 2554 inquit,
1075 2474 1097 2505 “
1108 2469 1247 2534 clausula
1272 2492 1341 2555 quae

338 2603 503 2665 suppressa
522 2587 570 2645 est
592 2579 710 2646 inserta
732 2580 853 2660 fuisset,
868 2579 955 2645 cirta
976 2579 1129 2665 posterior
1150 2579 1217 2644 sino
1240 2579 1342 2665 priore

339 2689 498 2755 modicum
523 2689 685 2756 conferret
730 2691 827 2756 Nunc
850 2713 922 2756 vero
948 2690 1036 2756 nullu
1059 2690 1093 2755 in
1118 2690 1279 2775 posteriori
1303 2690 1341 2756 de

339 2799 586 2886 precedentibus
616 2800 822 2886 originalibus
851 2801 936 2866 fecta
964 2801 1134 2880 mentione,
1160 2802 1226 2866 haec
1255 2807 1342 2866 curto

338 2910 404 2975 solu
423 2911 588 2987 sufficeret,
604 2909 701 2974 etium
723 2909 751 2974 si
773 2932 881 2974 omnes
903 2910 971 2973 aliae
986 2916 1079 2975 certae
1093 2911 1132 2975 de
1148 2911 1236 2976 Bello
1251 2911 1341 2997 depe-

337 3020 485 3085 rissent.''
530 3018 592 3084 His
614 3041 632 3082 n
655 3041 728 3104 rege
750 3019 854 3099 dictis,
869 3019 977 3104 exegit
998 3019 1095 3086 obbas
1117 3045 1137 3085 a
1158 3021 1341 3087 cancellario

337 3137 370 3196 et
386 3129 535 3207 obtinuit,
551 3136 589 3194 ut
603 3130 664 3194 sibi
680 3135 745 3195 tres
759 3135 862 3194 cartas
877 3151 975 3193 unam
991 3129 1186 3215 eandemque
1207 3131 1341 3196 formum

338 3239 510 3306 secundum
533 3245 723 3326 preceptum
745 3240 829 3325 regis
851 3239 1051 3306 continentes
1073 3241 1180 3320 scribi,
1197 3241 1342 3326 regisque

339 3349 482 3434 sigillum
503 3348 639 3434 singulis
660 3347 776 3415 feceret
798 3350 925 3436 apponi.
971 3351 1155 3416 Commissae
1170 3351 1230 3416 sibi
1245 3351 1341 3417 eccle-

339 3461 392 3526 siae
406 3459 577 3544 diligenter
592 3460 626 3524 in
640 3460 698 3525 hoc
713 3466 747 3524 et
769 3460 940 3545 prudenter
954 3461 1126 3546 prospexit,
1141 3467 1179 3526 nt
1193 3461 1342 3546 quonium

339 3573 545 3658 possessiones
567 3570 749 3636 monasterii
769 3576 845 3636 sunt
865 3594 885 3634 a
900 3571 1090 3636 monasterio
1106 3570 1278 3656 plurimum
1294 3595 1342 3638 re-

339 3687 444 3762 motae,
459 3680 611 3765 siquando
626 3680 737 3765 quavis
757 3703 906 3746 excausa
926 3679 1100 3765 quemlibet
1122 3679 1219 3744 trium
1241 3688 1343 3747 cartu·

339 3815 410 3856 rum
432 3791 619 3874 contigeret,
635 3790 685 3855 vel
707 3791 803 3855 etiam
818 3790 896 3855 duos
911 3797 1002 3856 extre
1016 3790 1242 3854 monesterium
1264 3791 1341 3857 alias

338 3901 461 3982 deferri,
478 3924 541 3966 uns
556 3901 668 3966 saltem
688 3924 795 3966 eurum
817 3903 856 3966 ad
879 3923 1010 3965 menum
1032 3923 1154 3985 semper
1175 3901 1342 3968 haberetur

339 4014 372 4077 iu
388 4011 588 4078 monasterio.

373 4146 381 4179 ¹
399 4146 468 4208 This,
476 4147 499 4196 it
509 4147 562 4196 will
573 4146 744 4206 bsobssrved,
753 4147 776 4197 is
786 4147 831 4196 the
843 4146 909 4196 form
916 4146 946 4196 01
954 4147 1000 4196 the
1012 4145 1215 4209 “inspeximus''
1224 4147 1343 4198 cbsrtsrs

339 4239 403 4287 very
416 4223 561 4287 bsquently
577 4225 642 4274 used
661 4225 688 4272 in
707 4225 775 4273 luter
795 4225 880 4273 times.
915 4224 943 4272 Il'
956 4225 1010 4274 this
1026 4239 1087 4283 wne,
1104 4223 1206 4283 indeed,
1219 4223 1264 4273 the
1283 4226 1343 4274 first

338 4315 386 4350 use
397 4300 426 4350 01
442 4301 487 4350 the
498 4301 573 4359 form,
585 4301 607 4349 it
621 4299 661 4366 (or
672 4301 718 4350 the
728 4316 820 4351 resson
832 4302 909 4364 given
926 4301 967 4350 l'or
977 4300 1009 4364 it)
1023 4301 1046 4350 is
1057 4317 1073 4350 n
1084 4300 1189 4350 further
1200 4301 1342 4351 lndicstion

340 4378 370 4426 01
383 4377 496 4442 Henry's
514 4377 633 4440 fertility.
667 4379 721 4427 But
738 4378 783 4428 the
795 4379 960 4428 chronicler's
977 4381 1120 4428 statement
1136 4377 1217 4427 nceds
1227 4379 1342 4428 verifice·

340 4457 402 4504 tion.
