3286 5142
761 652 869 740 anani
887 655 909 699 1.
1267 636 1328 700 101

334 825 462 911 [Assos
486 800 1021 926 an1v1nso.an=dv,'Snmov.
1068 829 1329 916 1109-1110.]ι

328 957 395 1024 [me
406 961 523 1024 panes
534 963 637 1013 osane
649 963 786 1028 juegmens
797 964 825 1012 in
836 933 978 1046 iavoal'og
986 963 1032 1014 no
1049 965 1134 1028 obboy
1150 964 1180 1014 ov
1192 964 1330 1029 sammon

391 1054 422 1088 aa
432 1043 461 1088 lo
471 1043 586 1088 onsloms
596 1041 706 1090 claimed
717 1039 809 1104 bytho
820 1041 1011 1114 defendente-in
1022 1056 1058 1091 an
1066 1041 1153 1091 action
1164 1042 1205 1092 lor
1213 1045 1331 1105 trespass

392 1119 421 1166 to
431 1117 500 1178 lvmd¹
512 1117 581 1167 tried
592 1117 679 1168 before
690 1118 737 1168 the
748 1118 841 1168 sheriff
848 1118 879 1168 of
892 1117 1052 1184 Berkslnita]

326 1243 425 1308 Anno
440 1243 560 1310 decimo
576 1245 667 1332 regni
692 1244 824 1310 chrioi
846 1245 941 1330 regis,
962 1214 1238 1332 apud,89llnnam
1253 1245 1330 1312 resi-

326 1353 421 1420 dente
437 1355 573 1440 plenarie
593 1356 684 1436 scira,
699 1362 733 1421 el
751 1356 889 1421 maxime
908 1376 965 1441 pro
985 1361 1077 1422 causa
1088 1343 1329 1442 qomseqnitnr,

328 1466 550 1532 disrationavit
579 1467 714 1532 domnus
744 1467 841 1532 abbas
873 1467 1023 1542 Forilius,
1053 1472 1086 1532 el
1111 1440 1262 1552 'monaehi
1291 1467 1330 1532 dc

325 1576 533 1658 Abbendona,
547 1583 665 1642 terram
688 1577 727 1642 dc
749 1577 903 1642 Culcham
924 1577 1058 1642 solidam
1080 1583 1113 1642 et
1135 1559 1329 1672 qulcladee

326 1688 474 1752 omnibus
495 1687 785 1766 consuetudinibus,
801 1693 834 1752 et
856 1687 894 1752 de
916 1688 1061 1753 omnibus
1082 1675 1347 1783 hominibnase'd]
1474 1711 1479 1722 ·

327 1819 405 1881 opus
430 1797 582 1862 eccelesia
612 1797 884 1876 Abbendonensis,
914 1803 947 1861 el
973 1798 1109 1862 maxime
1132 1797 1171 1862 de
1194 1794 1342 1885 quada'm'¹

327 1909 487 1988 violentia,
508 1933 602 1994 quam
617 1909 760 1975 homines
782 1910 820 1975 de
841 1910 1019 1994 supradicto
1034 1910 1173 1974 manerio
1190 1910 1330 1974 Sutlune
1376 1909 1388 1955 ι’
1412 1910 1481 2000 'J'-

327 2020 504 2086 inferebant
527 2022 574 2085 illi
601 2029 701 2100 terrm,
727 2020 846 2086 scilicet
868 2021 903 2084 in
926 2021 1114 2105 accipiendis
1128 2019 1230 2105 glebis
1246 2019 1330 2084 illius
1449 2026 1495 2088 ῥ’·

326 2138 416 2196 terrae
431 2131 470 2196 ad
485 2155 563 2216 opus
579 2131 750 2197 molendini
765 2131 945 2216 etpiscariae
959 2131 1052 2215 regis.
1097 2130 1331 2210 Unde—sicut

327 2247 505 2306 antecessor
537 2242 634 2322 illius,
664 2242 846 2308 Adelelmus
875 2243 983 2322 abbas,
1008 2249 1150 2326 tempore
1174 2241 1331 2306 Willelmi

327 2351 456 2416 senioris
480 2353 574 2437 regis,
591 2359 624 2418 et
649 2359 790 2438 tempore
815 2353 957 2437 Frogerii
981 2351 1186 2431 vicecomitis,
1212 2357 1329 2417 terram

327 2461 513 2546 supradictas
527 2463 611 2528 villae
628 2463 779 2528 Culcham
796 2485 815 2527 a
837 2463 895 2527 tali
910 2461 1061 2528 violentia
1075 2461 1331 2545 quietavia-sio

327 2577 359 2637 et
383 2572 444 2637 isle
466 2573 561 2638 abbas
585 2574 736 2654 Faritius,
750 2597 786 2640 eo
808 2573 859 2639 die
873 2580 907 2639 el
928 2596 965 2638 eo
979 2577 1128 2657 tempore,
1144 2594 1206 2658 quo
1221 2595 1330 2658 supra·

327 2683 448 2749 dictum
477 2689 538 2765 est,
568 2684 723 2769 quietavit
752 2708 821 2750 eam
852 2709 872 2750 a
900 2683 1079 2770 supradicta
1112 2683 1265 2749 violentia
1297 2689 1331 2748 el

197 2843 200 2850 ι
327 2794 474 2859 omnibus
497 2795 789 2875 consuetudinibus,
804 2794 838 2859 in
859 2794 1025 2880 praesentia
1051 2793 1221 2878 Hngonis²
1246 2794 1330 2858 vioe·

325 2905 461 2986 comitis,
470 2906 559 2992 probi
570 2912 603 2972 el
614 2907 764 2992 sapientis
774 2907 844 2985 viri,
858 2906 988 2991 quinon
999 2905 1100 2972 solum
1113 2906 1330 2986 Bercheecirae,

325 3017 380 3083 sed
403 3018 500 3084 etiam
522 3018 592 3083 aliis
606 3018 688 3083 VII.
704 3018 792 3083 sciris
813 3023 944 3102 preerat
966 3016 1149 3096 vicecomes,
1164 3015 1239 3082 adeo
1261 3022 1330 3082 eral

324 3128 507 3195 nominatus
528 3129 579 3194 vir
599 3136 633 3195 el
654 3151 744 3194 carus
764 3128 842 3213 regi,
859 3134 892 3193 el
913 3129 947 3192 in
968 3126 1135 3212 prasentia
1157 3128 1329 3192 multorum

326 3240 494 3306 hominum
509 3241 609 3306 trium
625 3241 777 3305 scirorum
792 3239 837 3304 ibi
852 3239 1079 3304 assistensium.

361 3391 430 3457 [The
447 3393 544 3442 offenoe
561 3392 674 3457 semelly
690 3392 817 3454 renevved,
832 3392 885 3442 and
899 3391 1037 3456 judgmenl
1055 3389 1170 3442 lhemfor
1186 3391 1265 3455 again
1285 3390 1329 3441 ob·

324 3469 436 3535 laland]

370 3611 449 3675 Post
475 3609 571 3674 islam
600 3610 936 3689 disratiocinationem,
960 3632 1032 3674 cum
1062 3608 1097 3672 in
1127 3629 1234 3673 eorum
1263 3629 1329 3672 non

324 3721 435 3785 fuisset
449 3743 528 3784 ausu
547 3721 714 3785 hominum
736 3721 820 3806 quod
841 3721 962 3805 pridem
978 3724 1110 3802 egerant
1122 3718 1190 3803 jam
1204 3717 1329 3802 publico

324 3831 359 3896 in
375 3837 544 3915 conspectu
559 3829 682 3911 iterare,
692 3831 832 3898 clanculo
847 3831 880 3895 id
895 3835 1054 3916 repetunt.
1081 3831 1130 3894 De
1140 3845 1203 3913 qua
1213 3852 1246 3894 ve
1257 3851 1329 3894 cum

324 3941 402 4008 certi
427 3941 533 4005 nuntii
556 3941 665 4006 relatio
686 3942 794 4008 abbati
816 3948 898 4007 esset
919 3942 1050 4026 perlata,
1073 3939 1329 4005 vicecomitatum

323 4059 401 4118 tnnc
415 4051 621 4118 Berchesoirae
631 4052 766 4136 vegenti,
780 4052 914 4136 Hugoni
925 4052 963 4117 de
976 4051 1185 4130 Boohelandc‚
1196 4051 1329 4118 eandem

323 4164 444 4243 retulit,
458 4164 550 4248 cujus
565 4170 598 4228 et
612 4165 704 4248 jussu
718 4164 752 4228 in
761 4163 925 4229 hundredo
935 4163 996 4250 ipsi
1007 4163 1165 4243 Sullanae,
1174 4163 1330 4247 proedictae

360 4382 367 4415 ¹
385 4385 401 4432 2
415 4383 482 4434 Hist.
496 4384 566 4433 lllon.
579 4384 691 4448 Abingd.
704 4383 752 4436 117
763 4383 837 4446 (Rec.
852 4384 944 4444 Com).
1105 4384 1116 4416 ¹
1133 4382 1165 4432 de
1177 4381 1299 4432 Boclend.
