3298 5162
709 646 880 690 srunnurx.
1237 629 1299 690 299

297 799 432 868 [Perseus
450 816 487 855 or
506 800 713 854 Hunrrnonon
728 818 750 854 o.
765 799 846 854 Esar
859 799 998 854 Eusraca.
1035 799 1120 854 Warr
1132 815 1170 854 oa
1183 799 1298 854 errnr

712 902 749 942 oe
767 886 891 956 Sassia]

330 986 432 1041 Dicunt
452 985 573 1041 homines
592 986 638 1058 qui
656 986 818 1058 jnraverunt
842 986 870 1040 in
897 985 1073 1052 Hnntednne‚
1094 989 1165 1058 quod
1184 988 1298 1044 [eeclesia

293 1075 397 1130 Sanctae
410 1075 504 1130 Mariae
513 1075 545 1130 de
558 1073 643 1147 burgo
653 1081 679 1129 et
692 1079 762 1129 terra
774 1093 833 1146 quae
848 1074 882 1129 ad
894 1095 952 1130 esum
968 1075 1085 1146 pertinet
1102 1075 1158 1130 fuit
1175 1077 1298 1132 aecclesiae

294 1161 326 1216 de
343 1163 442 1232 Torny,
458 1162 504 1216 sed
517 1162 597 1216 abbas
610 1162 760 1216 invadiavit
778 1181 837 1217 earn
849 1161 1035 1234 burgensibus.
1073 1164 1129 1218 Rex
1151 1164 1298 1219 Edwardus

294 1253 382 1302 autern
397 1249 470 1304 dedit
481 1268 540 1304 eam
552 1249 636 1304 vitali
650 1255 677 1304 et
689 1248 823 1304 Bernardo
836 1250 997 1321 presbyteris
1016 1252 1080 1316 suis,
1093 1255 1120 1305 et
1139 1251 1189 1322 ipsi
1208 1253 1297 1306 vendi-

295 1335 392 1391 derunt
417 1337 529 1408 Hugoui
553 1338 696 1392 camerario
721 1337 791 1408 regis
813 1337 947 1392 Edwardi.
985 1338 1068 1408 lingo
1091 1357 1154 1392 vero
1178 1340 1299 1395 vendidit

295 1424 406 1479 enneli.
420 1424 580 1496 presbyteris
600 1425 632 1480 de
651 1425 825 1489 Huntedune,
846 1429 875 1480 et
896 1425 995 1480 habent
1007 1425 1068 1480 inde
1089 1425 1208 1496 sigillum
1228 1428 1298 1498 regis

296 1513 428 1568 Edwardi.
466 1512 628 1567 Eustachius
653 1513 731 1568 modo
753 1512 833 1567 habet
856 1531 914 1568 eam
936 1513 993 1568 siue
1017 1513 1169 1580 liberatore,
1191 1519 1217 1570 st
1239 1515 1297 1571 sine

295 1600 368 1656 brevi
382 1605 410 1656 ct
422 1600 479 1655 sine
491 1601 619 1657 suisitore.

568 1823 696 1894 [Bianor
714 1823 874 1878 Rsnrorus.
911 1823 1022 1893 wara]

332 1928 372 1982 De
393 1932 463 1983 terra
484 1928 578 1983 Leurio
597 1927 691 1983 dicunt
712 1927 782 1999 quod
802 1927 854 1980 suit
873 1926 901 1981 in
919 1945 979 1982 soca
996 1926 1075 1998 regis,
1093 1927 1139 1981 sed
1158 1925 1298 1996 Remigius

295 2016 431 2086 episcopus
444 2015 561 2071 ostendit
573 2013 679 2070 brevem
692 2013 762 2086 regis
775 2014 909 2077 Edwardi‚
927 2033 972 2084 per
990 2033 1069 2086 quern
1091 2013 1218 2068 Louriane
1236 2032 1298 2067 eum

294 2103 366 2156 omni
389 2108 460 2157 terra
483 2102 586 2157 dederit
605 2102 632 2156 in
657 2101 839 2174 episcopatum
864 2101 991 2156 Linoolius
1015 2119 1076 2156 enin
1101 2119 1161 2156 saca
1180 2103 1208 2156 et
1226 2118 1296 2157 soca.

295 2188 337 2244 lb.
350 2191 403 2244 208
417 2189 441 2244 b.

526 2359 681 2430 [Wrunrue
701 2375 739 2414 nr
758 2360 788 2415 O.
801 2378 825 2412 v.
839 2359 934 2413 Hnea
954 2373 991 2413 nr
1011 2358 1058 2428 Β.]

331 2461 366 2516 Iu
386 2461 435 2518 hae
455 2467 526 2518 terra
544 2462 709 2534 episcopatus
731 2461 931 2532 [Lincoliensis]
952 2461 1076 2516 reclamat
1096 2460 1249 2518 Willelmus
1267 2463 1300 2517 de

284 2547 381 2628 sssron
390 2549 447 2605 LX.
457 2569 529 2604 aeras
537 2549 723 2621 inter-planum
733 2555 759 2604 et
767 2549 862 2603 silvam
871 2567 948 2619 super
957 2549 1100 2620 Hugonem
1110 2548 1141 2604 de
1150 2549 1300 2621 Beleampo,

295 2636 366 2692 unde
381 2636 514 2692 Raduiius
527 2637 672 2692 Tailleboso
692 2636 829 2692 desaisivit
847 2641 950 2707 patrem
970 2636 1087 2707 ejusdem
1107 2636 1240 2701 Willelmi,
1253 2639 1300 2709 qui

295 2724 380 2795 ipsam
398 2729 496 2778 terrm
508 2723 616 2778 tenebat
629 2729 746 2795 ternpore
763 2723 834 2795 regis
852 2723 988 2789 Edwardi,
1002 2728 1035 2778 ut
1053 2723 1174 2779 homines
1187 2724 1218 2780 de
1231 2725 1299 2779 hun·

295 2811 358 2866 dred
371 2811 471 2867 dieunt
508 2811 551 2866 Ib.
564 2813 626 2866 210.

533 3030 642 3100 [Hnen
662 3047 699 3085 na
717 3029 940 3085 B.e.W1nnrarr
960 3045 997 3085 nr
1016 3029 1059 3100 C.]

332 3143 411 3198 Hanc
424 3147 522 3197 terram
535 3143 567 3198 de
580 3142 699 3198 Tilebroo
712 3141 838 3197 reclamat
850 3143 935 3214 Hugo
947 3142 1088 3212 Beleanrpo
1106 3161 1184 3213 super
1196 3140 1299 3195 willel-

295 3248 370 3284 mum
395 3235 423 3286 et
447 3230 567 3285 homines
592 3231 624 3285 de
649 3229 770 3285 hundred
791 3235 902 3301 portant
925 3230 987 3284 iude
1012 3229 1205 3292 testimonium,
1228 3228 1312 3300 quud·

296 3318 427 3374 Radulsus
440 3318 576 3373 Talleboso
588 3323 736 3373 antecessor
749 3319 805 3391 ejus
818 3318 849 3374 dc
862 3337 892 3373 ea
904 3337 950 3390 per
963 3337 1052 3389 regem
1073 3317 1180 3372 saisitus
1198 3316 1258 3382 suit,
1273 3323 1300 3372 et

295 3423 353 3459 eam
366 3406 462 3460 uouit.
499 3405 539 3460 Ib.
552 3406 604 3459 211
618 3404 643 3460 b.

509 3663 644 3733 [Annaeo
656 3683 678 3720 v.
693 3665 821 3719 Wsnraa
840 3680 876 3720 or
896 3662 1073 3731 Fossiones]

331 3771 399 3825 Cum
409 3771 451 3826 bis
460 3772 516 3826 ΙΙΙ.
525 3773 595 3826 hidis
604 3773 646 3842 [in
655 3772 757 3844 Wiige]
771 3772 895 3826 reclamat
905 3770 1050 3826 Alueredua
1061 3768 1298 3840 superWalternrn

296 3859 486 3913 Fiandrenscm
509 3859 645 3914 dimidiam
668 3859 767 3924 hidam,
785 3859 818 3914 de
838 3877 891 3930 qua
911 3857 1008 3930 injuste
1026 3856 1162 3912 dessisirit
1180 3875 1250 3919 enm,
1269 3862 1301 3910 ut

296 3945 415 4000 homines
434 3947 466 4001 de
484 3947 606 4002 hundred
624 3945 685 4002 inde
705 3950 813 4018 portant
834 3945 1028 4008 testimonium,
1047 3962 1130 4016 quum
1150 3947 1299 3998 antecessor

296 4034 352 4103 ejus
373 4039 490 4104 tempore
510 4035 580 4106 regis
599 4035 724 4089 Edwardi
743 4034 804 4088 inde
822 4033 930 4088 saisitus
942 4037 992 4096 est,
1006 4036 1033 4087 et
1049 4031 1132 4085 isdem
1150 4030 1299 4085 Alueredus

295 4125 387 4192 postea
404 4121 459 4176 init
477 4122 592 4177 saisitus.
630 4123 698 4177 Cum
717 4122 767 4176 hee
786 4125 857 4176 terra
869 4120 954 4175 adhue
972 4119 1098 4174 reclamat
1115 4118 1200 4172 isdem
1218 4117 1300 4173 Alua-

295 4209 373 4263 redus
401 4227 480 4280 super
504 4209 655 4280 episcopum
679 4209 910 4264 Constanticnsem
935 4205 1030 4261 silvam
1054 4207 1084 4261 C.
1108 4205 1195 4277 porois
1218 4223 1300 4276 qnam

296 4295 392 4351 habirit
404 4316 467 4351 suns
480 4301 630 4351 antecessor
642 4301 759 4366 tempore
773 4296 843 4367 regia
863 4294 997 4360 Edsvardi,
1010 4293 1055 4348 sed
1068 4293 1204 4365 episeopus
1217 4292 1299 4348 desai-

297 4385 359 4440 sivit
372 4403 433 4439 eum
447 4385 554 4456 injuste,
568 4389 600 4439 ut
613 4383 733 4439 homines
746 4385 778 4439 de
793 4383 914 4439 hundred
926 4385 1070 4440 testantur.
1106 4381 1148 4437 lb.
1161 4383 1213 4436 215
1227 4380 1252 4436 b.
