3298 5162
343 611 405 670 282
591 630 720 674 emcrrn
742 630 1088 674 suono-nominamus.

365 797 503 882 [Morsus
534 817 573 863 or
608 799 659 862 Sr.
694 800 839 862 Eouurrn
871 824 897 864 v.
930 799 1083 864 Orrrzuas
1106 819 1145 864 or
1168 799 1319 864 nomon.

785 907 910 992 1192.]¹

337 1029 404 1094 [The
416 1031 510 1080 monks
521 1030 551 1079 oi
563 1031 602 1078 St.
616 1030 735 1079 Eldmund
753 1031 864 1080 demand
875 1031 904 1080 ol
915 1031 983 1079 their
1003 1035 1109 1080 tonante
1127 1033 1157 1080 oi
1175 1031 1281 1081 hondon
1303 1033 1340 1079 in-

402 1108 506 1157 creasod
517 1112 576 1156 nont
587 1107 617 1156 oi
625 1111 771 1157 tenements
783 1107 843 1156 held
856 1109 890 1171 by
902 1109 982 1166 thorn,
994 1107 1079 1156 which
1091 1109 1136 1156 tha
1156 1107 1236 1157 latter
1254 1108 1341 1158 refuso

401 1191 430 1234 to
441 1199 502 1249 pay.
535 1185 588 1234 Tho
608 1185 701 1234 monks
720 1201 779 1234 now
797 1191 902 1248 requost
922 1187 967 1235 the
986 1187 1067 1234 abbot
1084 1191 1112 1235 to
1133 1185 1241 1236 disesiae
1259 1186 1339 1244 them,

403 1263 488 1311 which
500 1261 532 1310 he
540 1261 653 1312 declines
665 1263 738 1312 todo
748 1263 861 1312 without
871 1264 922 1312 duc
939 1278 1044 1326 process
1056 1263 1086 1311 os
1097 1264 1156 1324 law,
1168 1264 1270 1325 stating
1281 1263 1341 1312 that

402 1347 431 1390 to
442 1341 550 1391 disscise
561 1341 677 1390 lraemcn
692 1341 723 1390 oi
738 1341 813 1391 hands
825 1357 854 1390 or
870 1346 943 1390 rents
958 1341 1043 1390 which
1062 1342 1127 1405 they
1138 1342 1204 1391 have
1223 1341 1283 1390 held
1301 1342 1341 1390 for

401 1433 481 1481 many
490 1433 574 1481 ysara,
582 1418 668 1481 justly
679 1433 708 1466 or
717 1418 844 1482 nujustly,
856 1419 943 1467 would
952 1419 984 1466 bc
998 1417 1143 1481 unhraini]

338 1537 471 1601 Duerno
495 1559 578 1600 anno
605 1536 739 1600 abbatim
767 1537 927 1601 Samsonis
957 1536 1091 1612 abbatis,
1113 1536 1151 1601 de
1179 1538 1339 1600 communi

337 1646 466 1712 consilio
481 1646 611 1730 capituli
626 1648 736 1724 nostri,
752 1647 912 1732 conquesti
935 1669 1044 1710 sumus
1066 1645 1174 1710 abbati
1197 1647 1230 1709 in
1253 1646 1339 1710 curia

336 1780 403 1834 sua,
417 1757 555 1822 dicentes
577 1757 717 1822 redditus
733 1765 765 1822 et
786 1758 889 1822 exitus
912 1756 1053 1820 omnium
1078 1756 1230 1820 bonarum
1247 1755 1331 1820 villa·

336 1890 406 1932 rum
423 1881 454 1932 et
470 1867 639 1950 burgorum
656 1866 774 1951 Anglie
788 1889 931 1944 crescere,
946 1872 978 1930 et
992 1864 1192 1949 augmentari
1204 1865 1238 1930 in
1253 1888 1337 1930 com-

326 1979 467 2044 ‘modum
504 1977 733 2062 possidencium
771 1983 804 2042 et
840 1977 1092 2040 emendacionem
1129 1975 1338 2054 dominorum,

336 2096 439 2174 preter
454 2087 561 2152 villam
577 2089 688 2151 istam²
712 2110 771 2172 que
795 2088 867 2152 XL.
883 2087 979 2150 libras
1001 2086 1073 2150 dare
1096 2085 1186 2164 solet,
1202 2095 1235 2150 ct
1257 2109 1338 2150 nun-

336 2222 431 2284 quam
447 2198 486 2262 ad
501 2197 571 2282 plus
586 2198 766 2262 extenditur
774 2225 782 2274 ;
806 2207 838 2261 ct
853 2197 1023 2281 burgenses
1038 2194 1111 2260 ville
1121 2217 1187 2260 esse
1202 2196 1236 2259 in
1247 2219 1340 2260 causa

337 2309 518 2393 hujusmodi
535 2309 589 2388 rei,
599 2309 653 2392 qui
675 2315 783 2372 tantas
803 2315 835 2372 et
859 2317 908 2371 tut
931 2312 1148 2390 purpresturas
1170 2311 1282 2370 tenent
1305 2305 1340 2370 in

337 2421 415 2500 foro,
438 2419 476 2484 de
502 2418 584 2503 sopis
608 2426 641 2482 et
661 2417 764 2497 seldis,
791 2426 823 2482 ct
845 2416 998 2500 stalagiis,
1020 2417 1088 2480 sine
1114 2439 1241 2480 assensu
1265 2439 1338 2482 con·

337 2537 460 2609 ventus,
475 2536 508 2593 ct
532 2552 570 2593 ex
592 2529 656 2594 solo
679 2529 760 2593 dono
782 2527 988 2610 prefectorum
1013 2524 1096 2604 ville,
1113 2524 1167 2609 qui
1189 2526 1339 2590 annuales

337 2641 466 2704 firmarii
491 2647 523 2704 ct
547 2637 636 2723 quasi
657 2638 829 2702 servientes
852 2636 979 2699 sacriste
1004 2635 1141 2712 fuerunt,
1163 2657 1219 2718 pro
1244 2634 1338 2700 bene-

337 2751 455 2835 placito
484 2752 553 2833 ejus
583 2749 772 2814 removendi.
835 2747 1011 2829 Burgenses
1041 2767 1115 2808 vero
1152 2744 1339 2809 summoniti

337 2861 576 2946 responderunt,
592 2882 624 2923 se
645 2883 709 2924 esse
732 2859 765 2922 in
782 2857 876 2921 assisa
893 2856 998 2939 regis,³
1013 2877 1069 2918 nec
1085 2854 1124 2918 de
1139 2855 1339 2934 tenementis,

336 2995 395 3055 que
411 2971 458 3034 illi
473 2977 504 3034 et
527 2977 631 3054 patres
645 2991 752 3033 eorum
768 2973 948 3045 tenuerunt,
964 2966 1042 3030 bene
1065 2971 1097 3029 et
1119 2963 1152 3028 in
1175 2987 1260 3050 pace,
1274 2987 1338 3028 uno

336 3103 418 3146 anno
444 3087 477 3146 et
504 3103 567 3145 uno
596 3079 658 3158 die,
682 3079 748 3142 sine
777 3075 966 3160 calumpnia,
987 3099 1019 3140 sc
1050 3075 1127 3140 velle
1157 3075 1339 3160 respondere

336 3199 446 3258 contra
462 3190 640 3255 libertatem
657 3188 731 3252 ville
746 3194 777 3252 et
797 3193 899 3250 cartas
921 3209 992 3250 suas
1001 3213 1010 3264 ;
1034 3192 1066 3250 et
1081 3186 1227 3250 dixerunt
1242 3185 1338 3250 talem

336 3303 430 3368 fuisse
442 3300 698 3366 consuetudinem
713 3299 889 3383 antiquam,
904 3304 941 3360 ut
957 3297 1084 3380 prefecti
1099 3296 1221 3374 darent,
1231 3297 1338 3360 incon-

337 3413 419 3478 sulto
445 3417 613 3490 conventu,
638 3410 704 3474 loca
729 3430 874 3492 soparum
895 3414 927 3470 et
952 3405 1106 3470 seldarum
1133 3405 1165 3468 in
1192 3407 1259 3469 foro
1285 3429 1339 3489 per

336 3524 473 3607 aliquem
488 3521 646 3585 redditum
661 3519 834 3604 prefecture
849 3516 1015 3580 annuatim
1030 3514 1231 3579 reddendum.
1270 3515 1339 3578 Nos

336 3643 441 3698 autern
459 3631 662 3696 reclamantes
679 3629 836 3706 volumus,
851 3633 888 3690 ut
903 3624 998 3689 abbas
1014 3624 1206 3688 dissaisiaret
1229 3646 1280 3688 eos
1302 3623 1340 3688 de

335 3741 452 3807 talibus
475 3739 674 3818 tenementis
700 3737 783 3802 unde
806 3742 982 3800 warantum
1005 3733 1128 3797 nullum
1150 3732 1339 3798 habuerunt.

335 3853 444 3918 Alibas
460 3850 674 3915 veroveniens
689 3849 729 3912 ad
743 3845 910 3912 consilium
925 3849 1077 3921 nostrum,
1093 3849 1244 3926 tanquam
1258 3865 1341 3907 unus

335 3987 374 4028 ex
388 3963 488 4040 nobis,
504 3966 620 4026 secreto
636 3958 727 4023 nobis
742 3957 835 4035 dixit,
851 3979 883 4020 se
899 3953 977 4020 velle
992 3953 1083 4018 nobis
1104 3960 1223 4018 rectum
1236 3960 1341 4018 tenero

334 4097 489 4158 proposse
505 4095 579 4150 suo;
603 4070 657 4134 sed
672 4068 781 4134 ordine
793 4065 971 4152 justiciario
986 4087 1018 4128 se
1042 4065 1154 4130 debere
1169 4065 1340 4148 procedere,

399 4267 407 4297 ¹
426 4267 519 4317 Chron.
532 4267 588 4315 Joo.
601 4265 633 4314 de
645 4263 748 4312 Brakel.
761 4263 794 4311 56
807 4260 931 4318 (camden
944 4261 1020 4320 Soc).
1129 4263 1139 4294 2
1160 4257 1267 4306 London

669 4341 680 4373 ³
700 4340 789 4388 Undcr
800 4340 843 4387 tlrc
855 4338 941 4398 king’s
952 4339 1009 4384 law.
