3280 5132
690 659 847 713 amaran
870 667 892 712 1.
1256 654 1296 714 23

296 817 355 884 cho
376 841 424 884 res
438 823 567 884 sancta¹
585 825 782 905 procurante,
798 842 853 884 rex
868 819 997 884 tandem
1014 825 1156 905 respectu
1181 819 1297 886 divinae

296 931 514 996 misericordiae
526 931 695 998 instinctus
710 931 759 996 his
775 931 946 1009 intendere,
958 931 1152 1016 principibus
1164 932 1296 997 circum·

295 1042 407 1126 positis
421 1065 476 1128 per
486 1041 687 1107 Baiocensem
703 1041 883 1127 episcopum
895 1041 1044 1126 praecepit
1055 1043 1121 1108 baec
1132 1043 1297 1124 discutere,

294 1153 433 1218 adunato
448 1153 488 1218 ad
505 1153 697 1218 Keneteford
720 1153 818 1216 trium
843 1151 1058 1237 proximorum
1084 1154 1295 1218 comitatuum

294 1263 447 1329 examine.
492 1263 553 1329 cai
575 1262 783 1348 disputationi
807 1261 903 1326 multi
924 1285 1003 1347 saepe
1019 1263 1243 1344 interfuerunt,
1258 1265 1297 1329 de

294 1375 409 1459 quibus
424 1374 546 1460 aliquos
561 1373 804 1458 subscripsimus
816 1374 871 1458 qui
887 1373 981 1438 finem
997 1373 1200 1440 dissensionis
1221 1382 1297 1440 ratae

293 1484 502 1549 conclusionis
517 1484 578 1549 fida
593 1483 782 1549 intulerunt.
829 1484 974 1550 Quatuor
989 1485 1119 1550 abbates
1134 1508 1207 1551 cum
1230 1486 1297 1551 suis

294 1593 499 1680 Francigenis
528 1600 561 1660 et
591 1594 726 1679 Anglis;
766 1593 967 1658 Baldswiuus
998 1595 1295 1675 AEdmundiusnsis,

295 1704 1297 1786 WlfwoldusCertesieusis,UlfchetelCrulandeusis,Alfwoldus

296 1814 494 1879 Holmensis:
507 1815 606 1899 legati
618 1814 713 1897 regis,
721 1814 874 1878 Ricardus
886 1814 970 1877 filius
979 1816 1104 1880 comitis
1115 1816 1296 1895 Gisleberti,

296 1924 412 1989 Heimo
435 1925 566 2008 dapifer,
582 1925 672 1990 'Phiel
699 1924 738 1988 de
763 1924 890 1990 Heruin
901 1951 910 2004 ;
935 1925 1136 1991 vicecomites
1151 1928 1297 1993 similiter

294 2056 366 2099 cum
391 2035 466 2113 suis,
492 2035 596 2114 Picot,
613 2035 816 2114 Eustachius,
840 2035 1006 2115 Radulfus,
1021 2038 1190 2102 Walterus.
1236 2041 1297 2105 Pro

295 2144 442 2229 Rodgero
471 2152 504 2208 et
532 2145 693 2210 Rodberto
723 2145 923 2210 vicecomites
955 2146 1169 2224 Harduuinus,
1189 2148 1296 2230 wido,

294 2255 422 2334 Winur,
446 2255 629 2334 Wihumur,
657 2255 738 2334 Odo,
766 2255 931 2333 Godrious,
957 2256 1112 2337 Norman,
1138 2259 1297 2339 coloneio,

296 2364 482 2431 Godwiuus.
507 2366 668 2450 Ceteriqui
679 2365 811 2451 plurimi
823 2365 942 2431 milites
953 2366 1078 2450 probati
1092 2369 1296 2455 Francigenae

294 2481 327 2540 et
354 2476 456 2560 Angli
479 2477 576 2542 etiam
601 2477 639 2541 de
664 2477 749 2542 IIII.
774 2477 978 2541 comitatibus
1004 2479 1113 2557 AEsex,
1132 2481 1296 2562 Hereford‚

296 2587 523 2666 Hunteuduue,
554 2588 719 2654 Bedeford.
764 2588 826 2652 Est
862 2593 971 2653 autem
1009 2589 1166 2655 libertatis
1201 2593 1296 2680 hujus

292 2698 469 2762 veneranda
493 2698 644 2782 quietatio
668 2703 706 2762 ut
732 2704 842 2763 sancta
870 2700 981 2783 regina
1010 2701 1214 2784 integerrime
1240 2727 1296 2769 sua

292 2809 431 2893 possedit
455 2808 494 2873 ab
519 2808 612 2872 initio
636 2813 670 2873 et
700 2830 811 2893 regum
837 2808 973 2892 AEdgari
996 2815 1029 2874 et
1055 2811 1233 2878 AEthelredi
1263 2820 1298 2879 et

293 2919 454 2984 AEdwardi
479 2918 699 3005 comprobatur
723 2917 900 3004 privilegiis
924 2920 1007 3004 quod
1028 2922 1094 2987 haec
1115 2931 1296 2990 sauctorum

292 3038 327 3094 et
353 3030 491 3094 maxime
519 3029 724 3094 AEthelwoldi
752 3035 928 3094 restaurata
952 3038 1029 3097 sunt
1054 3034 1169 3111 studio,
1195 3041 1229 3100 et
1257 3037 1297 3102 ab

292 3141 378 3205 omni
395 3140 590 3206 secularium
607 3145 764 3227 potestate
779 3141 903 3226 copiose
917 3142 1078 3228 redempta
1100 3148 1296 3226 commercio,

292 3258 325 3316 et
335 3251 476 3337 maligue
491 3251 702 3316 renitentibus
713 3253 889 3337 conscripta
897 3259 931 3319 et
940 3255 1134 3320 conclamata
1144 3258 1296 3343 dampna·

291 3361 388 3426 tionis
414 3362 606 3448 imprecatio.
653 3363 748 3427 Hauc
773 3363 1001 3430 validissimam
1024 3366 1298 3436 discussionemet

291 3472 506 3537 cautissimam
544 3471 779 3538 institutionem
814 3496 853 3538 ne
889 3497 952 3560 qua
982 3484 1088 3562 posset
1123 3478 1297 3564 iuquietare

292 3582 472 3667 calumpnia
480 3583 612 3668 provida
626 3588 660 3647 et
673 3584 827 3649 benevola
840 3609 874 3650 se
889 3585 972 3671 regis
982 3588 1120 3652 accinxit
1131 3588 1296 3669 industria,

292 3692 454 3777 praeceptis
482 3715 552 3757 eam
577 3693 735 3772 roborans,
767 3694 878 3759 edictis
908 3696 1107 3774 confirmans,
1137 3698 1296 3764 beneficiis

292 3825 423 3888 augens,
439 3803 534 3869 cartis
550 3804 705 3882 muniens,
722 3826 856 3890 quarum
878 3829 975 3870 unam
1001 3807 1140 3891 presenti
1164 3812 1295 3896 negotio

291 3915 485 4000 adjacentem
500 3937 606 3979 rerum
621 3915 715 3979 series
730 3916 871 3999 exposcit
886 3916 1049 3984 subscribi.

335 4141 531 4208 Willelmus’
547 4142 728 4226 Anglorum
756 4164 811 4207 rex
833 4142 980 4208 omuibus
1003 4143 1150 4212 fidelibus
1173 4149 1238 4214 suis
1263 4157 1296 4219 et

489 4307 494 4339 ¹
514 4306 532 4354 i.
544 4321 567 4355 e.
581 4305 619 4354 St.
633 4305 799 4354 Etheldrsda.

488 4387 498 4422 ²
516 4387 592 4436 Liber
604 4387 723 4448 ariensis,
736 4387 785 4436 252
801 4385 884 4452 (Aug.
898 4389 981 4438 Chris.
996 4389 1075 4456 Soc).
