3286 5142
287 629 291 636 ’
346 631 407 696 172
593 645 726 693 amorra
747 645 1095 692 auum-romanum.

343 799 493 884 Praecipio
527 797 611 884 quod
634 796 779 862 monachi
810 795 872 861 mei
897 795 936 861 de
954 796 1151 862 Abbendona
1164 801 1294 862 teneant
1309 797 1343 860 in

342 931 428 996 pace,
447 915 480 974 ct
499 907 604 987 libere,
618 912 652 973 et
677 907 792 991 quiete,
807 911 840 970 et
863 907 949 990 juste
975 905 1063 970 1111.
1078 905 1168 970 hidas
1190 911 1280 972 terra
1304 906 1343 971 de

344 1017 605 1099 Chedeleswrth'a,
629 1018 712 1082 sicut
748 1039 799 1082 cus
834 1021 1007 1082 tenuerunt
1043 1022 1183 1101 tempore
1213 1017 1344 1082 Henrici

342 1131 436 1216 regis,
463 1131 514 1196 avi
547 1129 619 1211 mei,
644 1135 677 1194 et
700 1129 841 1215 ejusdem
875 1127 1075 1193 libertatibus
1098 1150 1172 1192 cum
1195 1127 1342 1193 omnibus

342 1242 542 1328 pertinentiis
556 1263 684 1319 earum3
706 1246 740 1306 ct
753 1239 902 1326 prohibeo
917 1239 1040 1325 nequis
1054 1261 1107 1304 cos
1128 1239 1201 1304 inde
1225 1239 1343 1324 injuste

343 1359 441 1439 ponat
476 1353 511 1417 in
546 1351 708 1438 placitum.
754 1349 849 1417 Quod
885 1349 946 1414 nisi
976 1348 1093 1429 feceris,
1117 1349 1246 1435 justitia
1274 1371 1344 1414 mea

343 1465 438 1530 faciat
464 1463 540 1542 ficri,
555 1485 595 1528 ne
617 1463 690 1527 inde
714 1461 840 1526 audiam
862 1460 1029 1525 clamorem
1043 1482 1100 1545 pro
1115 1460 1245 1544 penuria
1259 1459 1343 1545 pleni

344 1575 421 1639 recti
437 1573 489 1640 vel
502 1573 601 1638 firma
615 1572 760 1658 justitiae.
793 1572 887 1636 'Peste
901 1571 1072 1653 Willelmo,
1089 1569 1153 1635 filio
1168 1571 1190 1635 J
1191 1571 1354 1652 ohannis;¹

345 1686 429 1770 apud
445 1684 589 1750 Ohivam.

389 1797 462 1862 Quo
497 1796 591 1860 breve
626 1793 745 1873 audito,
776 1792 929 1857 Ricardus
959 1815 1015 1858 nec
1043 1791 1150 1858 valens
1178 1794 1211 1857 in
1241 1792 1344 1878 aliquo

344 1906 564 1986 contradicere,
602 1905 656 1970 sed
693 1909 726 1970 et
762 1904 862 1968 sciens
898 1927 930 1968 se
966 1903 1155 1969 calumniam
1201 1905 1344 1982 movisse,

344 2017 587 2103 chirographum
602 2015 665 2081 tale
681 2037 752 2079 cum
768 2015 1070 2080 Abbendonensibus
1084 2015 1280 2102 composuit:

387 2130 512 2194 Notum
536 2127 579 2193 sit
602 2126 759 2200 omnibus,
778 2131 847 2190 tam
870 2126 1075 2211 prasentibus
1100 2149 1195 2211 quam
1219 2125 1345 2204 futuris,

345 2239 429 2325 quod
443 2259 502 2322 ego
518 2237 671 2302 Ricardus
687 2238 808 2316 Basset,
819 2236 903 2300 filius
919 2235 1061 2300 Turstiui
1077 2237 1198 2316 Bassct,
1210 2236 1346 2301 concessi

344 2349 379 2414 in
403 2347 631 2433 eleemosynam
660 2351 854 2432 perpetuum,
877 2350 910 2409 et
938 2345 1071 2410 firmiter
1099 2345 1282 2411 confirmavi
1310 2347 1345 2411 iu

345 2457 492 2544 capitulo,
519 2479 623 2522 coram
647 2455 735 2522 omni
760 2461 929 2531 conventu,
952 2461 984 2520 et
1008 2478 1100 2540 super
1124 2457 1223 2520 altare
1252 2457 1345 2542 siguo

329 2569 463 2636 cultelli
495 2567 628 2655 propriis
664 2567 810 2632 manibus
846 2566 947 2652 posui,
982 2566 1115 2631 ecelesias
1152 2567 1346 2632 Abbeudone

345 2681 433 2746 IIII.
449 2679 539 2745 hidas
553 2678 591 2744 de
609 2675 869 2756 Chedeleswrthe,
885 2698 957 2740 cum
972 2677 1171 2761 pertinentiis
1188 2701 1294 2742 earum
1310 2679 1345 2742 in

344 2793 446 2872 bosco,
472 2791 507 2855 in
530 2788 634 2876 plano,
660 2811 737 2874 quas
762 2809 840 2853 avus
866 2809 963 2866 meus,
989 2787 1146 2852 Radulfus
1169 2789 1289 2868 Basset‚
1313 2794 1345 2853 et

346 2907 436 2988 pater
449 2923 549 2980 meus,
564 2899 733 2965 'furstinus
748 2899 869 2975 Basset,
883 2896 1032 2964 dederant
1047 2899 1201 2983 predictae
1215 2898 1346 2964 ccclesia

345 3011 508 3091 tenendas,
523 3011 636 3078 liberas
650 3015 684 3074 et
698 3009 856 3074 absolutas
870 3010 910 3074 ab
924 3009 1011 3073 omni
1025 3011 1152 3077 servitio
1168 3011 1299 3076 militari
1313 3019 1346 3076 et

346 3122 517 3202 exactione,
546 3125 658 3208 prater
687 3142 851 3185 commune
876 3119 1004 3205 geldam
1028 3121 1128 3186 totius
1157 3124 1345 3202 comitatus3

345 3234 394 3300 ita
408 3241 515 3300 tamen
530 3233 558 3296 si
571 3231 638 3297 aiiae
659 3236 749 3296 tcrrae
764 3251 840 3294 meoe
854 3237 931 3294 sunt
950 3231 1073 3317 quietre,
1087 3238 1120 3297 et
1135 3231 1189 3298 illa
1203 3233 1348 3298 similiter

346 3347 389 3412 sit
425 3343 541 3430 quieta.
590 3343 640 3408 De
675 3342 767 3406 bosco
804 3346 911 3406 autem
947 3342 1045 3426 quod¹
1074 3341 1228 3428 praedicta
1256 3349 1346 3408 terrae

347 3459 481 3542 adjacet,
495 3477 568 3519 cnm
590 3453 677 3518 uero
701 3453 734 3517 in
758 3452 920 3537 provincia
943 3452 1008 3532 illa,
1033 3453 1151 3519 retineo
1176 3455 1216 3520 ad
1239 3454 1346 3520 focum

347 3591 450 3635 coram
465 3589 516 3632 me
529 3562 707 3631 faciendum
722 3567 755 3628 et
770 3562 810 3628 ad
823 3561 989 3646 coquinam
1005 3585 1119 3642 meam,
1133 3569 1165 3628 et
1186 3564 1290 3649 virgas
1313 3573 1347 3630 et

270 3733 276 3742 .
347 3681 433 3768 palas
447 3678 488 3742 ad
502 3676 601 3742 faldos
616 3681 648 3740 et
662 3696 747 3760 sepes
761 3673 841 3738 circa
863 3673 983 3738 curiam
1006 3695 1108 3738 meam
1133 3673 1300 3757 faciendas,
1315 3681 1348 3740 et

347 3791 470 3858 arbores
483 3789 523 3854 ad
539 3786 716 3852 molendina
731 3807 801 3850 mea
822 3785 861 3850 de
876 3783 1083 3865 badecumbe,
1098 3785 1173 3849 siin
1187 3787 1279 3850 bosco
1293 3786 1348 3850 illo

348 3900 483 3967 inveniri
518 3902 680 3983 peterrmt.
726 3894 821 3962 Quod
856 3899 964 3959 totum
992 3895 1133 3980 capietur
1161 3919 1215 3982 per
1244 3897 1348 3962 visum

348 4009 502 4076 forestarii
518 4007 752 4085 monachorum,
768 4010 800 4070 et
826 4005 909 4070 sicut
923 4005 1071 4083 docuerit,
1087 4011 1120 4071 et
1135 4007 1220 4093 porci
1234 4010 1296 4072 mei
1310 4008 1348 4072 dc

349 4119 548 4186 Lodoeumba
570 4117 608 4183 de
633 4115 773 4181 dominio
788 4115 888 4200 quieti
902 4115 968 4180 sint
986 4116 1025 4181 de
1038 4117 1201 4202 pasnagio,
1215 4141 1348 4202 prasen-

348 4231 435 4297 tibus
463 4228 598 4294 testibus
627 4227 831 4310 subscriptis:
855 4227 935 4292 'Poto
964 4232 1131 4292 conventu.
1176 4229 1225 4293 De
1249 4228 1348 4304 laicis,

806 4412 897 4475 ¹qurr
