3286 5142
697 649 850 695 ssnrnsu.
1205 637 1264 698 145

261 801 513 881 consuetudines,
534 807 567 868 et
589 787 709 886 regales
730 803 906 887 dignitates
927 805 1061 870 molesios
1077 805 1170 886 Belli,
1184 829 1263 890 prae-

262 911 383 976 dictum
406 935 501 978 werec
533 913 566 977 vi
599 914 790 980 obtinerent.
837 915 909 981 Quo
942 916 1066 1000 agnito,
1096 917 1264 1001 archiepis·

262 1044 358 1107 copus
379 1025 499 1088 curiam
524 1025 642 1102 adiens,
664 1047 769 1090 coram
791 1048 874 1111 rege,
897 1026 936 1092 de
957 1027 1070 1092 abbate
1095 1027 1133 1092 de
1165 1027 1265 1107 Bello,

262 1133 344 1217 quod
375 1133 409 1198 in
439 1136 497 1200 hac
520 1158 553 1200 re
575 1136 608 1202 vi
637 1142 670 1201 et
698 1135 874 1202 hostilitate
904 1159 981 1202 usus
1010 1137 1132 1216 suisset,
1161 1137 1265 1222 queri-

263 1246 403 1310 moniam
425 1248 511 1314 fecit.
555 1248 624 1313 Nec
646 1270 744 1328 mora,
758 1270 816 1312 rex
830 1248 978 1313 abbatem
990 1248 1143 1313 mandans
1158 1272 1264 1314 coram

263 1378 295 1420 se
328 1359 435 1424 venire
465 1360 551 1426 fecit.
608 1360 773 1427 Quibusa
802 1367 961 1425 conventu
993 1359 1146 1424 nobilium
1179 1359 1264 1444 apud

263 1469 383 1553 regiam
406 1471 568 1536 ventilatis
591 1472 720 1548 curiam,
743 1493 817 1535 oum
838 1471 945 1536 studio
968 1475 1001 1535 et
1022 1477 1089 1535 arte
1108 1469 1263 1535 Willelmi

261 1578 301 1644 de
330 1581 425 1664 Ypra,
456 1583 511 1667 qui
538 1582 661 1648 Cantiae
686 1579 874 1648 comitatum
897 1589 974 1646 tunc
996 1581 1186 1666 possidebat,
1209 1604 1263 1646 rex

261 1713 383 1775 quoque
404 1693 633 1778 archiepiscopo
658 1692 778 1772 favens,
804 1693 951 1757 abbatem
979 1699 1018 1758 ut
1046 1693 1132 1777 pacis
1160 1699 1264 1758 trans·

261 1823 435 1885 gressorem
458 1810 613 1889 argueret,
636 1804 720 1889 quod
743 1803 862 1869 scilicet
891 1809 1000 1868 contra
1022 1803 1107 1888 regis
1132 1803 1263 1869 Henrici

261 1913 382 1977 sancita
403 1913 538 1994 fecisset,
560 1920 633 1999 post
653 1913 824 1999 plurimam
839 1914 990 2000 utrinque
1007 1915 1261 1994 controversiam,

262 2023 391 2088 tandem
421 2025 465 2088 sic
495 2025 582 2088 curia
611 2025 747 2090 sedatur.
792 2025 879 2089 Nam
897 2023 1008 2101 abbas,
1038 2025 1159 2089 ratione
1187 2045 1262 2089 usus

262 2135 493 2218 praemeditata,
507 2159 616 2220 regem
634 2135 810 2201 Henricum
826 2158 881 2221 pro
897 2135 993 2200 libitu
1007 2135 1139 2220 antiqua
1152 2136 1262 2220 patriae

257 2247 332 2330 jura
347 2253 469 2312 mutare
484 2248 518 2311 in
532 2247 641 2312 diebus
656 2247 721 2312 suis
743 2270 832 2331 posse
854 2246 1041 2311 testificatus
1056 2253 1116 2326 est,
1131 2247 1184 2311 sed
1199 2270 1263 2312 non

263 2358 324 2421 nisi
348 2359 510 2422 communi
524 2360 678 2424 baronum
694 2359 785 2443 regni
800 2379 953 2422 consensu
968 2358 1003 2421 in
1017 2363 1179 2442 posterum
1195 2365 1264 2424 rata

262 2468 339 2534 lore.
385 2469 479 2535 Unde
494 2469 521 2534 si
548 2469 590 2548 id,
606 2469 689 2534 unde
718 2468 980 2549 calumniabatur,
1007 2491 1070 2534 suae
1096 2469 1265 2552 diguitatis

262 2580 487 2666 compatriote,
513 2580 644 2644 barones
671 2579 789 2645 scilicet
816 2579 871 2665 qui
897 2579 1027 2644 aderant
1049 2601 1122 2644 cum
1149 2580 1265 2664 regalis

263 2692 357 2755 curias
393 2713 522 2755 assensu
557 2691 791 2770 concessissent,
821 2695 854 2756 et
890 2691 956 2776 ipse
991 2691 1093 2756 libens
1130 2692 1263 2758 cederet.

264 2803 409 2888 Cumque
424 2807 591 2887 praesentes
606 2802 698 2886 regni
713 2802 866 2887 primores
887 2801 953 2866 hac
975 2823 1038 2866 uno
1063 2824 1115 2867 ore
1141 2809 1264 2868 contra·

263 2915 412 2994 dicerent,
428 2915 462 2978 in
486 2913 646 2979 communi
670 2914 800 2980 tandem
823 2913 984 2978 decretum
1010 2911 1078 2993 ests
1093 2919 1131 2978 ut
1155 2913 1264 2980 eadem

264 3027 368 3092 soluta
391 3026 487 3107 curia,
513 3026 610 3090 abbas
635 3025 725 3111 regia
747 3025 906 3111 dignitate
929 3025 1005 3090 hinc
1034 3048 1126 3090 suam
1152 3032 1264 3092 nactus

263 3138 393 3213 curiam,
419 3138 503 3222 apud
530 3137 754 3222 Dengsmareis
778 3137 829 3202 die
856 3137 1059 3203 denominato
1082 3137 1265 3204 hominibus

264 3247 486 3334 archiepiscopi
501 3246 749 3327 advenientibus,
762 3270 888 3314 omnem
896 3248 1120 3314 rectitudinem
1131 3255 1264 3316 teneret.

153 3347 158 3356 ¹
266 3359 328 3424 Sed
358 3359 391 3422 in
417 3358 477 3423 hoc
505 3363 664 3423 conventu
690 3357 821 3422 verbum
848 3358 1027 3424 memoriale
1063 3381 1125 3443 quo
1162 3360 1266 3446 magis
1300 3381 1346 3408 κ’

265 3468 371 3553 regius
386 3468 544 3533 emollitus
559 3473 608 3533 est
633 3467 759 3532 animus
783 3468 954 3552 providum
978 3467 1094 3533 dixisse
1117 3470 1264 3536 abbatem

265 3578 413 3665 contigit.
461 3579 546 3643 Nam
575 3601 647 3643 cnm
671 3585 868 3663 argueretur,
892 3577 933 3642 ad
958 3599 1066 3662 regem
1097 3601 1265 3646 conversus

266 3689 394 3755 intulit:
433 3689 670 3774 “Nunquam''
700 3688 856 3773 inquiens,
888 3693 949 3754 “te
978 3688 1110 3769 diutins,
1139 3691 1169 3754 Ο
1199 3714 1265 3772 rex,

266 3821 410 3865 coronam
442 3798 568 3882 Anglia
599 3798 678 3862 ferre
702 3797 770 3861 Deo
794 3797 836 3862 sit
864 3796 1030 3882 placitum,
1053 3797 1079 3862 si
1104 3799 1265 3866 tantillam

266 3912 401 3978 ecclesia
416 3916 531 3976 nostras
546 3909 737 3988 libertatem,
753 3931 772 3972 a
788 3930 863 3992 rege
888 3907 1051 3973 Willelmo
1074 3913 1107 3974 et
1130 3910 1169 3974 ab
1195 3912 1266 3976 aliis

220 4059 224 4066 ·
266 4021 513 4089 antecessoribus
546 4020 612 4085 tuis
650 4019 777 4104 regibus
803 4019 912 4083 datam
935 4025 968 4084 et
993 4018 1189 4085 observatam
1213 4023 1266 4090 de·

266 4133 451 4202 struxeris.’'
480 4133 603 4197 Verum
617 4131 730 4196 abbate
744 4129 830 4196 diem
844 4131 1057 4196 constitutum
1071 4117 1268 4213 observante,

267 4248 439 4314 antediem
454 4249 636 4332 sequentem
651 4266 690 4308 ex
705 4247 794 4327 parte
807 4241 1029 4328 archiepiscopi
1051 4243 1157 4308 nullus
1171 4244 1266 4312 adve-

267 4361 326 4426 nit.
372 4358 466 4424 Unde
488 4353 746 4440 transgressionis
766 4353 887 4438 judicio
910 4354 1170 4435 obmutescentes,
1194 4379 1266 4423 oum

1123 4487 1142 4530 n
