3286 5142
695 628 802 674 uuunr
820 629 844 673 1.
1210 606 1272 668 139

482 781 621 864 [Bienor
637 780 769 843 Renum
783 802 811 844 v.
827 780 908 844 Muu
923 799 963 844 or
978 780 1067 863 W.]¹

271 900 338 966 [The
349 900 434 964 king's
445 901 505 948 writ
516 897 698 961 commnnding
709 899 746 948 ell
757 901 816 949 who
826 900 887 948 hold
902 899 977 948 lende
993 899 1086 948 within
1105 897 1151 947 the
1169 913 1272 961 wopen-

336 983 398 1031 tcke
419 983 450 1031 cf
470 983 507 1030 W.
531 985 560 1030 to
581 994 652 1029 come
674 984 703 1028 to
734 979 780 1030 the
802 981 918 1044 bishcp's
945 985 1029 1040 court,
1057 980 1109 1030 ond
1137 980 1212 1028 there
1240 979 1273 1028 do

335 1064 407 1126 right
424 1063 452 1111 in
471 1067 574 1126 respect
594 1063 625 1111 of
638 1062 684 1111 the
703 1063 780 1113 lende
790 1064 876 1112 which
887 1063 952 1127 they
964 1062 1024 1112 hold
1044 1063 1074 1112 os
1085 1063 1147 1122 him,
1159 1077 1193 1111 on
1211 1061 1273 1124 pein

336 1143 523 1208 osdistruiut]

274 1238 318 1302 H.
335 1259 389 1302 rex
415 1237 552 1321 Angliae,
578 1235 726 1300 omuibus
750 1235 930 1315 baronibus,
955 1243 989 1300 et
1012 1236 1226 1316 vavassoribus,
1241 1242 1274 1300 et

271 1347 418 1410 omnibus
433 1345 580 1425 dominis,
596 1345 650 1430 qui
664 1353 764 1410 terras
779 1353 890 1411 tenent
902 1347 988 1410 intra
996 1346 1274 1430 Wellewepentuc,

271 1459 414 1523 salutem.
461 1456 621 1541 Praeoipio‚
638 1455 721 1541 quod
744 1479 853 1521 omnes
868 1457 1004 1522 veniatis
1019 1457 1058 1520 ad
1073 1455 1224 1540 placitum
1241 1462 1274 1520 et

271 1567 522 1652 wapentachium
549 1565 687 1650 episcopi
712 1565 919 1632 Lincoliensie
945 1567 1029 1650 quod
1054 1564 1094 1628 de
1109 1587 1160 1629 me
1175 1571 1273 1643 tenet,

271 1701 327 1763 per
341 1676 621 1741 summonitionem
638 1675 859 1741 ministrorum
880 1698 1026 1754 suorum3
1050 1683 1082 1741 et
1108 1677 1231 1740 faciatis
1245 1675 1273 1740 ei

272 1810 379 1851 omnes
406 1785 622 1878 rectitudines,
637 1791 670 1846 et
693 1785 935 1848 consuetudines
950 1785 984 1848 in
1001 1785 1147 1848 omnibus
1171 1785 1275 1864 rebus,
1332 1865 1335 1871 Δ

273 1919 350 1981 quas
366 1897 409 1960 eis
424 1894 556 1967 debetis,
569 1893 607 1957 de
623 1893 714 1956 terris
730 1893 843 1957 vestris
858 1894 898 1958 nd
912 1893 991 1956 illud
1003 1894 1273 1977 wapentachium5

273 2008 319 2070 ite
343 2006 421 2069 bene
444 2011 477 2067 et
499 2002 747 2087 pleua1·ie,sicut
767 2026 909 2087 uuquam
934 2003 1057 2088 plenius
1079 2003 1195 2068 fecistis
1212 2005 1274 2067 Ro·

273 2115 363 2178 berto
377 2113 533 2196 episcopo,
548 2113 598 2176 vel
620 2113 713 2177 alicui
739 2113 926 2177 antecessori
952 2137 1020 2192 suo,
1036 2119 1068 2178 et
1092 2135 1169 2197 quas
1188 2113 1275 2196 juste

273 2225 374 2288 facere
399 2221 538 2287 debetis:
572 2229 604 2286 et
635 2222 697 2285 nisi
723 2221 860 2286 feceritis
886 2223 952 2306 ipse
976 2246 1031 2287 vos
1052 2223 1195 2306 justiciet
1220 2245 1276 2306 per

274 2333 440 2418 pecuniam
464 2343 603 2398 vestram
626 2332 724 2397 donec
751 2331 885 2411 faciatis,
901 2355 940 2398 ne
965 2333 1093 2416 perdam
1109 2333 1275 2418 pecuniam

275 2465 388 2520 meam,
404 2465 498 2526 quam
514 2441 676 2525 episeopus
691 2441 771 2505 mihi
787 2441 860 2505 inde
885 2442 1011 2506 reddere
1034 2442 1138 2507 debet.
1183 2444 1275 2507 Teste

275 2554 418 2638 episcopo
434 2554 558 2630 Serum,
573 2558 607 2616 et
621 2551 663 2618 G.
678 2551 874 2632 cancellario,
889 2552 973 2637 apud
991 2553 1151 2618 Fereham.

454 2948 593 3031 [Brsuor
610 2949 743 3013 Ronuur
756 2971 786 3014 v.
803 2949 897 3014 Lonn
912 2970 952 3016 or
969 2953 1105 3036 SueuP

276 3061 343 3126 [The
354 3062 439 3127 king's
451 3065 511 3113 writ
523 3066 645 3129 ordering
656 3081 690 3115 en
701 3065 855 3129 inquisition
866 3081 895 3116 es
906 3071 935 3117 to
951 3067 998 3118 the
1014 3069 1148 3134 boundery
1159 3071 1277 3120 between

340 3145 381 3195 his
393 3161 485 3196 mnnor
495 3147 525 3196 of
538 3147 566 3196 T.
578 3147 631 3196 end
642 3149 702 3198 thet
714 3149 744 3198 os
751 3148 798 3197 the
809 3149 956 3210 defendent,
969 3151 1021 3200 end
1032 3153 1077 3200 the
1087 3153 1177 3218 laying
1187 3153 1226 3202 off
1232 3153 1278 3202 the

340 3241 419 3287 sume,
429 3229 582 3292 confirming
594 3231 640 3278 the
651 3235 743 3280 return
753 3231 789 3294 by
799 3231 864 3280 ceth
875 3231 897 3279 if
907 3231 1025 3296 needed]

278 3324 322 3387 Η.
338 3347 393 3388 rex
416 3325 595 3409 Anglorum
622 3327 760 3391 Reuulfo
786 3329 951 3393 Meschino
978 3337 1010 3394 et
1034 3331 1171 3395 Osberto
1195 3332 1277 3397 vice·

277 3435 398 3512 comiti,
417 3441 450 3499 et
469 3437 580 3500 Picoto
601 3437 666 3500 filio
682 3437 840 3517 Colsueni,
856 3446 888 3502 et
905 3440 1036 3524 Wigoto
1060 3440 1099 3504 de
1124 3442 1276 3519 Lincolia,

278 3545 421 3610 sulutem.
466 3546 519 3609 Ita
544 3551 578 3609 et
600 3547 705 3611 videte
726 3547 843 3611 divisas
866 3549 950 3612 iuter
973 3551 1147 3614 manerium
1172 3574 1276 3616 meum

277 3654 316 3717 de
329 3653 476 3718 Torohesi
492 3661 524 3718 et
540 3655 715 3718 manerium
726 3657 764 3719 de
779 3658 880 3721 Estou
889 3685 898 3736 ς
915 3667 947 3723 et
958 3659 1051 3723 facite
1062 3682 1278 3744 recognoscere

277 3786 332 3848 per
355 3764 468 3848 probos
492 3764 637 3828 homines
660 3764 699 3828 de
725 3767 880 3830 comitatu
907 3775 939 3833 et
963 3769 1101 3834 dividere
1116 3770 1280 3853 predictas

277 3875 413 3939 divisas:
435 3881 468 3940 et
482 3875 509 3940 si
525 3875 603 3938 bene
618 3875 663 3940 eis
679 3898 742 3939 nou
764 3878 971 3952 credideritis,
986 3887 1181 3944 sacramento
1205 3903 1279 3944 con-

278 3983 406 4049 firment
420 3985 505 4070 quod
528 3984 684 4063 dixeriut3
708 3987 783 4070 quia
803 3987 873 4051 volo
896 3995 934 4052 ut
959 3988 1121 4073 episcopus
1145 3989 1223 4055 bene
1248 3999 1280 4056 et

277 4095 447 4160 honorifice
461 4095 506 4159 ibi
520 4094 635 4160 habeat
650 4096 733 4181 quod
748 4103 957 4163 antecessores
972 4098 1021 4162 sui
1036 4098 1079 4164 ibi
1091 4099 1279 4168 habuerunt.

278 4204 371 4270 'Peste
386 4206 518 4290 Wigoto
533 4204 736 4285 Lincoiiensi,
751 4207 835 4290 apud
849 4209 1036 4276 Wincestre.

313 4339 320 4370 ¹
338 4342 528 4392 6Mcnneticon
540 4342 614 4406 (part
625 4343 661 4401 3),
675 4341 739 4394 1272
753 4344 804 4406 (cd.
818 4345 902 4404 1846),
1105 4347 1143 4396 Ib.
1152 4347 1223 4398 1273.
