3286 5142
341 630 403 693 134
585 644 719 690 canolas
741 641 1092 689 naono-uonnauarca.

340 798 452 878 doniae,
467 806 500 864 et
513 797 621 863 abbati
636 797 815 868 Vincentio,
832 801 864 860 et
879 794 1025 859 omnibus
1036 791 1203 857 abbatibus
1218 811 1336 854 succes·

339 912 461 976 soribus
490 910 565 989 suis,
600 916 633 974 et
669 907 831 972 monachis
867 907 983 970 ibidem
1017 906 1085 970 Deo
1117 902 1336 979 servientibus,

336 1021 534 1086 hundredum
561 1021 599 1084 de
623 1019 823 1096 Hornimera,
844 1019 915 1102 jure
936 1023 1087 1101 perpetuo
1110 1013 1281 1078 tenendum
1305 1017 1339 1076 et

337 1132 516 1196 habendum
533 1130 577 1196 cis
592 1136 625 1195 et
640 1129 786 1194 omnibns
808 1127 1033 1192 successoribus
1048 1126 1124 1204 suis,
1146 1124 1179 1188 in
1194 1123 1338 1208 legitima

338 1248 371 1308 et
394 1243 553 1308 liberrima
573 1246 730 1326 potestate
752 1263 809 1304 sua
830 1247 863 1303 et
872 1238 1012 1322 justitia,
1034 1237 1117 1302 siout
1131 1234 1339 1299 Eaduuardus

337 1375 392 1418 rex
407 1353 586 1438 Anglorum
601 1351 688 1416 dedit·
702 1357 736 1415 et
749 1350 902 1414 concessit
916 1349 1071 1433 praediotaa
1085 1347 1227 1425 ecclesiae,
1237 1352 1270 1409 et
1283 1367 1339 1428 per

337 1471 455 1528 cartam
471 1485 562 1528 suam
583 1461 794 1540 confirmavit,
809 1483 904 1545 quam
926 1482 1030 1524 coram
1049 1481 1099 1524 me
1117 1466 1149 1522 et
1170 1456 1338 1520 baronibus

339 1571 417 1636 meis
431 1572 544 1638 lectam
557 1595 622 1638 esse
634 1573 803 1650 testificor,
827 1579 860 1636 et
872 1572 952 1635 sicut
964 1578 1053 1654 pater
1062 1592 1149 1634 meus
1159 1567 1339 1632 Willelmus

338 1706 393 1748 rex
412 1683 493 1747 dona
516 1683 681 1748 Eadwardi
697 1683 780 1767 regis
804 1706 858 1766 per
880 1689 998 1746 cartam
1021 1703 1112 1745 suam
1132 1679 1285 1744 concessit
1306 1683 1339 1743 et

338 1793 558 1858 corroboravit
603 1795 649 1857 Et
664 1793 734 1858 volo
754 1803 788 1858 et
803 1793 935 1857 firmiter
950 1792 1105 1876 praecipio,
1129 1797 1166 1855 ut
1189 1790 1285 1855 abbas
1306 1796 1339 1854 et

339 1904 484 1967 monachi
506 1910 674 1988 praesentes
698 1911 731 1968 et
757 1904 858 1968 futuri
882 1903 1067 1988 praedictum
1091 1902 1289 1967 hundredum
1304 1901 1338 1964 in

340 2036 423 2097 pace,
439 2019 472 2078 et
483 2015 596 2098 quiete,
612 2020 644 2079 ct
667 2015 833 2079 honorifice
848 2021 987 2092 teneant,
1003 2037 1074 2078 cum
1098 2014 1244 2077 omnibus
1265 2035 1338 2076 oon-

339 2124 558 2188 suetudinibus
573 2133 606 2190 et
618 2124 863 2209 quietationibus
877 2124 952 2203 suis,
965 2147 1036 2189 cum
1053 2125 1166 2208 quibus
1181 2123 1293 2188 melius
1308 2129 1339 2188 et

340 2234 551 2299 honorabilius
588 2241 759 2299 tenuerunt
791 2241 930 2319 tempore
961 2235 1182 2318 praedictorum
1209 2257 1317 2316 regum
1328 2259 1337 2310 ;

339 2345 467 2424 scilicet,
483 2347 565 2430 quod
580 2346 686 2410 nullus
702 2347 872 2411 vicecomes
887 2347 1053 2411 veleorum
1068 2346 1206 2410 ministri
1221 2347 1292 2410 inde
1308 2369 1339 2409 se

340 2457 506 2542 quicquam
531 2458 759 2536 intromittant,
784 2459 837 2522 sed
861 2458 921 2542 ipsi
948 2457 1043 2522 libere
1069 2456 1226 2541 justitiam
1251 2477 1339 2519 suam

339 2568 477 2634 habeant
500 2591 536 2632 ac
562 2568 689 2633 faciant.
735 2568 891 2646 Testibus,
913 2569 1038 2651 Rogero
1063 2567 1206 2651 episcopo
1232 2568 1339 2631 Saros·

339 2679 441 2757 beriae,
456 2677 634 2743 Alexandro
658 2679 800 2764 episcopo
826 2678 1007 2756 Lincolniae,
1030 2685 1063 2742 et
1088 2677 1240 2744 Gaufrido
1266 2700 1340 2742 can·

340 2789 475 2866 cellario,
492 2788 630 2853 Roberto
654 2789 692 2852 de
717 2788 841 2872 Sigillo,
856 2795 888 2852 et
911 2788 1041 2873 Nigello
1064 2794 1178 2872 nepote
1193 2787 1339 2871 episcopi,

340 2907 373 2964 et
387 2898 550 2962 Willelmo
566 2899 604 2963 de
620 2898 779 2977 albineio,
794 2905 827 2963 et
842 2898 980 2962 Roherto
995 2899 1033 2963 de
1056 2898 1132 2976 Oili,
1148 2907 1180 2962 et
1203 2898 1341 2962 Radulfo

341 3010 463 3084 Basset,
479 3013 511 3072 ct
527 3008 680 3073 Gaufrido
692 3008 730 3074 de
746 3009 888 3086 Clinton,
904 3017 938 3074 et
952 3009 1114 3074 Willelmo
1129 3011 1167 3074 de
1184 3011 1293 3088 Ponte,
1307 3017 1341 3074 et

340 3117 463 3183 Milone
478 3117 516 3182 de
532 3118 731 3197 Cloeoestria,
745 3124 778 3183 et
792 3119 921 3184 Albrico
936 3120 974 3184 de
989 3121 1065 3198 Ver,
1080 3127 1114 3184 et
1127 3120 1288 3184 Willclmo
1303 3120 1341 3184 dc

341 3227 487 3293 Albineio
500 3228 643 3307 Britone,
658 3235 691 3293 et
706 3229 840 3294 Ricardo
856 3231 968 3295 Basset
977 3257 986 3308 ς
1009 3231 1092 3316 apud
1108 3230 1318 3295 Lundoniam.

385 3444 552 3523 Henricus,
575 3468 630 3509 rex
657 3445 793 3529 Angliae,
816 3446 959 3530 episcopo
986 3445 1175 3525 Salesberiae,
1202 3452 1235 3508 et
1258 3445 1339 3509 vioe·

235 3561 240 3570 “
340 3554 460 3633 comiti,
476 3562 508 3618 et
527 3555 721 3638 justiciariis,
737 3563 768 3618 et
793 3556 939 3618 omnibus
954 3555 1122 3620 baronibus
1143 3562 1176 3619 et
1198 3557 1341 3620 fidelibus

340 3665 405 3729 suis
436 3666 475 3730 de
506 3665 715 3754 Berchescira,
742 3666 884 3730 salutern.
932 3667 1047 3730 Sciatis
1077 3689 1127 3730 me
1156 3667 1342 3732 concessisse

341 3775 475 3841 ccclesiae
493 3776 616 3838 Sanctae
633 3774 744 3838 Marias
761 3776 975 3854 Abbendonae,
991 3786 1022 3840 et
1038 3777 1144 3840 abbati
1161 3777 1341 3855 Vincentio,

341 3893 374 3950 et
397 3884 568 3962 monachis,
584 3891 757 3948 mercatum
781 3885 995 3964 Abbendonae,
1011 3887 1093 3950 sicut
1115 3887 1243 3952 ecclesia
1264 3911 1341 3972 prae·

341 3995 479 4069 dictast
493 3995 631 4072 abbates,
641 4001 674 4059 et
684 3995 946 4078 ipseVincentius
958 3995 1063 4076 abbas,
1075 3998 1187 4061 melius
1201 4015 1341 4080 unquan

340 4111 374 4170 et
388 4104 518 4168 liberius
533 4104 720 4182 habuerunt,
736 4113 769 4169 ot
783 4107 833 4170 dic
848 4129 910 4189 qua
924 4108 1082 4172 abbatiam
1100 4109 1247 4192 praedicto
1260 4109 1342 4172 Vin-

340 4213 444 4280 centio
466 4214 547 4292 dedi,
562 4221 595 4277 et
617 4215 706 4296 bene,
723 4221 756 4280 et
777 4217 810 4279 in
830 4240 915 4301 pace,
931 4225 963 4281 et
985 4219 1163 4298 honorifice,
1179 4226 1212 4283 ct
1237 4221 1341 4304 quiete

340 4331 478 4390 teneant.
533 4324 690 4402 Testibus,
730 4327 856 4411 Rogero
896 4329 1040 4414 episcopo
1078 4329 1272 4410 Seresbc1·iae,
1309 4337 1343 4394 ot
