3280 5132
716 675 824 720 usum
848 675 872 720 1.
1253 653 1291 718 77

293 834 327 894 et
350 850 446 893 unam
469 826 577 892 hidam
602 826 636 892 in
664 827 830 909 Sandford,
844 833 877 893 et
899 827 1031 892 alteram
1054 825 1089 890 iu
1109 827 1293 906 Earneoote,

293 939 331 1006 de
355 939 450 1004 feudo
473 939 593 1005 scilicet
615 939 831 1006 Abbendoniae
841 967 851 1018 ς
883 939 937 1004 sed
961 939 1084 1003 nullum
1107 937 1293 1020 homagium

294 1051 345 1116 vel
359 1051 526 1115 servitium
541 1051 638 1136 longo
653 1057 727 1136 post
740 1058 881 1136 tempore
896 1052 1052 1116 adventus
1067 1045 1166 1136 ipsius
1181 1049 1295 1114 Faritii

293 1160 417 1226 abbatis
440 1160 481 1226 ad
503 1160 746 1226 Abbendoniam
772 1161 846 1227 inde
874 1161 1009 1228 ecclesia
1031 1163 1156 1227 fecerat.
1206 1161 1294 1226 Qua-

293 1280 421 1359 propter
447 1273 545 1338 abbas
573 1279 685 1339 contra
712 1273 817 1359 ipsum
853 1255 1115 1339 disratiocinando
1143 1279 1229 1359 eget,
1258 1279 1297 1338 ut

293 1389 328 1450 et
350 1383 486 1449 ecclesia
511 1389 545 1449 et
573 1383 636 1449 sibi
664 1407 721 1470 pro
751 1384 812 1465 his,
841 1407 911 1470 quaa
939 1385 1079 1464 tenebat,
1108 1383 1295 1468 homagium

294 1495 420 1575 faceret,
434 1500 467 1561 et
490 1495 549 1560 hoo
572 1500 680 1562 tenore
702 1495 811 1562 eadem
826 1495 861 1561 iu
874 1502 1036 1582 posterum
1050 1501 1295 1579 recognosceret,

294 1605 414 1671 scilicet
436 1611 475 1670 ut
498 1605 533 1670 in
557 1607 645 1672 omni
668 1605 753 1690 rogis
778 1607 872 1692 geldo
898 1607 967 1692 ipsa
986 1607 1117 1692 quietet‚
1131 1612 1166 1672 et
1186 1604 1296 1672 abbati

293 1716 377 1781 sicut
399 1738 455 1782 suo
482 1715 611 1782 domino
635 1715 753 1801 ubique
783 1717 909 1783 serviat.
955 1718 997 1781 In
1024 1716 1297 1783 vicecomitatibus

294 1826 493 1892 Berohescire
533 1835 566 1892 ot
605 1826 872 1906 Oxcuefordsoire,
903 1813 1160 1913 quandocumque
1200 1827 1297 1893 abbas

294 1959 367 2003 eum
396 1936 605 2017 mandaverit,
629 1937 670 2002 ad
699 1937 917 2002 auxiliandum
946 1936 1007 2002 sibi
1036 1942 1070 2003 et
1097 1937 1297 2003 serviendum

294 2054 422 2134 paratus
451 2047 573 2127 aderit3
607 2069 665 2114 nec
694 2047 895 2113 excusabitur
922 2048 962 2113 ab
993 2047 1128 2113 ecclesiae
1156 2047 1299 2128 servitio,

294 2159 358 2225 nisi
381 2158 466 2244 rogis
491 2181 564 2224 eum
586 2158 758 2225 detinuerit
772 2159 921 2225 executio.
968 2159 1061 2226 Quod
1076 2159 1104 2223 si
1118 2159 1165 2224 ita
1178 2158 1295 2226 consti-

294 2269 382 2351 terit,
405 2293 463 2355 pro
486 2292 519 2334 se
542 2269 581 2336 do
605 2269 786 2334 melioribus
810 2269 876 2334 suis
899 2269 1082 2334 hominibus
1112 2269 1146 2333 in
1171 2269 1296 2335 abbatis
1394 2351 1396 2356 Α

293 2381 478 2465 obsequium
492 2379 703 2446 transmittet.
748 2380 790 2444 Iu
804 2380 892 2445 curia
907 2381 1005 2445 etiam
1028 2379 1113 2464 regis
1134 2379 1163 2444 si
1187 2380 1298 2445 abbati

295 2493 450 2577 placitum
487 2491 616 2577 aliquod
652 2492 733 2556 forte
769 2491 952 2557 habendum
987 2491 1169 2576 contigerit,
1197 2490 1298 2576 ipsius

295 2603 421 2669 abbatis
435 2603 520 2688 parti
535 2603 619 2668 idem
634 2602 747 2682 aderit,
759 2602 821 2667 nisi
835 2607 945 2667 contra
959 2624 1066 2687 regem
1081 2601 1297 2686 placitandum

295 2715 376 2780 forte
399 2714 505 2780 fuerit.
550 2713 602 2779 Ad
628 2715 759 2780 eandem
784 2713 904 2779 curiam
929 2713 1070 2780 venienti
1095 2713 1202 2779 abbati
1224 2737 1297 2799 pro·

294 2824 418 2890 curabit
432 2825 628 2910 hospitium3
650 2831 685 2892 ct
704 2825 731 2889 si
748 2831 861 2910 aptum
879 2824 927 2890 illi
942 2847 1007 2892 uou
1021 2824 1188 2906 invenerit,
1202 2847 1297 2890 suum

293 2935 454 3021 proprium
470 2936 560 3002 cedet
573 2935 673 3022 ipsius
687 2936 854 3022 respectui.

638 3657 746 3739 [Saus
768 3658 948 3741 Pusurss.]¹

292 3803 362 3870 [The
372 3806 489 3871 planctu
495 3821 613 3857 rocorers
623 3821 640 3856 a
650 3807 738 3870 pcroel
748 3806 778 3856 of
791 3806 854 3856 land
864 3807 893 3854 iu
903 3805 1009 3864 odora
1026 3818 1097 3866 upon
1107 3803 1152 3854 che
1168 3801 1294 3866 promum

529 3885 557 3935 iu
568 3885 695 3949 question,
707 3884 794 3934 before
804 3898 884 3948 many
895 3879 1054 3947 witnesses]

290 4013 409 4079 Eouuu
441 4037 549 4081 mense
570 4037 632 4102 quo
657 4018 691 4079 et
716 4011 778 4077 ista
811 4010 967 4078 ventilata
989 4016 1039 4076 est
1068 4031 1172 4092 causa,
1196 4009 1294 4076 abbas

290 4130 399 4189 eontra
424 4126 558 4191 eundem
581 4124 748 4212 Nigellum
773 4124 813 4189 de
826 4122 904 4188 Oilli
931 4121 1181 4188 disratiocinavit
1195 4145 1293 4207 quau·

289 4233 362 4298 dam
391 4241 483 4301 terra
515 4235 749 4322 portiunculam
778 4233 861 4299 infra
890 4233 1094 4300 Oxenefordae
1130 4233 1293 4300 civitatem

521 4460 522 4464 η
546 4421 643 4474 aare.
656 4423 724 4473 uos
737 4421 849 4487 araga
860 4423 909 4472 1ca
921 4419 992 4488 (sao.
1005 4419 1098 4486 com).
