3286 5150
367 611 430 674 194
611 630 744 675 amorra
766 625 1113 674 suano-uonnanurca.

364 779 461 845 etiam
471 780 566 865 juxta
580 782 722 847 mandati
738 779 834 846 vestri
847 779 1078 859 auctoritatem,
1094 778 1121 844 si
1143 775 1238 842 fuerit
1252 796 1364 860 oppor-

363 890 485 955 tunitas
509 914 662 973 concessa,
684 894 814 978 probare
837 892 939 976 parati
964 914 1082 956 sumus.
1138 889 1191 953 Ad
1216 887 1366 952 honorem

364 1001 510 1066 Ecclesiae
531 1025 594 1067 suae
618 1003 843 1088 paternitatem
865 1009 1003 1068 vestram
1025 1001 1200 1087 perlonga
1221 1004 1364 1081 tempora

364 1111 552 1178 incolumem
576 1113 686 1180 diuina
708 1119 870 1180 conservet
895 1112 1012 1198 gratia,
1033 1112 1067 1177 in
1091 1109 1230 1190 Christo,
1252 1107 1364 1174 dilecte

363 1230 463 1309 pater.

409 1480 575 1546 Universis
591 1483 715 1547 Sancta
729 1479 875 1546 Ecclesiae
884 1478 967 1558 filiis,
978 1477 1107 1543 humilis
1120 1475 1365 1543 Lanthoniensis

365 1597 549 1657 conventus.
594 1592 635 1656 In
660 1591 804 1656 veritatis
829 1589 1012 1656 testimonio
1036 1596 1120 1654 stare
1142 1594 1202 1667 est,
1232 1586 1266 1652 in
1290 1607 1364 1650 cou-

364 1707 463 1765 ventu
491 1707 598 1768 nostro
634 1703 733 1767 frater
761 1701 890 1786 quidam
919 1699 1145 1765 concanonicus
1174 1705 1280 1764 noster
1309 1699 1363 1763 W.

364 1810 447 1876 filius
463 1813 584 1878 Odonis
598 1817 739 1893 vocatus,
754 1812 803 1878 vir
817 1834 956 1896 magnus
977 1811 1053 1875 dum
1077 1810 1188 1875 saeculo
1202 1809 1364 1886 militaret,

364 1922 463 2006 major
491 1931 598 1989 autem
626 1922 719 1988 modo
750 1923 818 1988 Dec
848 1922 998 2001 serviens,
1027 1921 1082 2005 qui
1107 1921 1177 2004 regi
1201 1919 1363 1984 Willelmo

363 2032 498 2097 secundo
520 2033 707 2099 collateralis
728 2055 805 2117 puer
824 2031 948 2097 audivit
961 2037 1064 2097 totam
1086 2030 1248 2096 abbatiam
1263 2030 1363 2095 Glou·

363 2141 482 2206 cestriae
511 2143 741 2229 archiepiscopo
770 2141 959 2208 Eboraccnsi
989 2165 1008 2207 a
1038 2142 1110 2207 sede
1138 2163 1194 2207 sua
1223 2146 1364 2226 tempore

363 2253 583 2335 persecutionis
619 2253 740 2338 fugato,
769 2259 846 2318 tunc
882 2251 996 2317 abbate
1033 2257 1207 2332 vacantem,
1237 2252 1278 2316 ad
1314 2252 1363 2316 sui

363 2364 623 2430 sustentationem
639 2363 806 2429 committi.
852 2364 932 2428 Pace
946 2369 1053 2428 autem
1071 2362 1251 2442 reformata,
1269 2360 1363 2426 rediit

361 2473 608 2559 archiepiscopus
622 2474 660 2540 ad
676 2473 810 2559 propria,
825 2472 988 2538 monachis
1003 2472 1110 2537 omnia
1120 2494 1189 2557 quae
1203 2475 1363 2556 acceperat

361 2582 429 2647 sine
450 2582 661 2649 diminutione
682 2583 871 2668 relinquens.
937 2583 983 2646 Iit
1003 2582 1127 2662 exinde,
1149 2582 1232 2646 sicut
1253 2578 1363 2646 asserit

360 2693 528 2777 pradictus
553 2694 659 2773 frater,
682 2693 786 2758 LXV.
810 2693 901 2758 annis
924 2691 1092 2757 transactis
1118 2690 1262 2756 monachi
1284 2713 1363 2775 prae·

361 2802 438 2867 dicti
454 2803 559 2888 quiete
570 2808 603 2868 et
612 2803 795 2868 inconcusse
810 2826 859 2868 res
870 2825 941 2867 suas
952 2801 1161 2888 possiderunt,
1172 2800 1362 2865 nominatim

362 2913 520 2992 Stanedis,
542 2914 672 2993 Iacche,
696 2913 865 2992 Berthonc,
882 2913 1046 2987 Otintone,
1068 2935 1138 2996 quae
1159 2910 1275 2996 proprii
1295 2933 1363 2976 essa

355 3021 436 3105 juris
459 3021 592 3087 ecclesia
622 3022 826 3087 Gloucestriae
849 3028 994 3089 testatur.
1041 3023 1119 3086 Haec
1148 3023 1187 3086 ad
1212 3020 1362 3086 notitiam

359 3132 560 3216 presentium
583 3138 617 3198 et
641 3134 818 3198 futurorum
843 3135 959 3219 scripta
984 3139 1017 3198 et
1042 3132 1149 3218 sigillo
1167 3138 1275 3197 nostro
1295 3131 1361 3214 sig-

358 3247 436 3306 nata
454 3241 669 3326 relinquimus.
716 3243 794 3308 Hac
816 3244 912 3310 frater
933 3243 1118 3330 saepedictus
1139 3243 1173 3307 in
1195 3247 1364 3327 conspectu

358 3350 500 3415 omnium
526 3352 592 3416 loco
615 3359 649 3418 et
671 3358 811 3440 tempore
830 3361 958 3440 paratus
971 3354 1032 3419 cn't
1050 3353 1189 3438 probare,
1207 3352 1290 3418 sicut
1308 3352 1363 3436 jus

358 3460 525 3526 dictaverit
539 3467 572 3527 et
587 3462 677 3528 ratio.
715 3463 869 3545 Vulcatio,
879 3469 912 3530 et
924 3470 1072 3529 mutuum
1083 3462 1234 3529 orationis
1246 3483 1362 3527 munus

357 3570 449 3636 nobis
464 3571 647 3657 impendite.

265 3851 271 3866 ⁸
398 3844 554 3929 Eugenio,
578 3845 639 3912 Dei
668 3846 772 3931 gratia
797 3848 929 3912 Summo
959 3845 1117 3926 Pontifici,
1141 3845 1225 3931 patri
1248 3867 1304 3910 suo
1328 3849 1362 3909 et

353 3953 490 4028 domino,
514 3955 711 4041 Radulphus,
736 3956 821 4041 prior
843 3964 876 4024 ct
899 3962 1072 4023 conventus
1100 3960 1223 4022 Sanctae
1248 3954 1361 4020 Maria

354 4064 584 4149 Wygornensis
620 4067 764 4150 ecclesias,
797 4068 930 4134 salutcm
963 4079 996 4135 et
1028 4069 1140 4134 debite
1173 4067 1361 4133 famulatum

352 4173 545 4242 obedientias.
592 4177 716 4243 Sancta
739 4179 927 4245 sublimitati
954 4187 1075 4260 vestrae,
1098 4185 1188 4265 patcr
1216 4200 1359 4245 reveren-

351 4281 482 4364 tissime,
506 4285 621 4372 scripto
645 4287 843 4355 notificamus
865 4314 934 4378 quae
949 4292 998 4358 vel
1016 4290 1140 4376 scriptis
1162 4288 1211 4356 vol
1233 4295 1361 4376 patrum
