3286 5150
687 675 797 722 nnunr
820 677 859 724 11.
1207 663 1269 725 213

268 824 413 907 quemvis
422 824 669 912 archiepiscopus
679 828 832 893 niteretur
838 828 995 914 judicium
1005 828 1083 894 illud
1095 829 1268 912 falsificare,

267 940 376 1001 tamen
392 957 492 1021 prece,
509 943 539 1002 et
556 938 685 1002 consilio
696 939 848 1004 baronum
856 941 963 1026 posuit
971 963 1003 1006 se
1015 923 1049 1005 in
1060 940 1270 1007 misericordia

267 1047 353 1132 regis
367 1047 407 1111 de
421 1046 604 1132 quingentis
619 1047 718 1128 libris,
734 1054 766 1114 et
781 1049 905 1114 invenit
919 1051 948 1115 ei
966 1050 1039 1115 inde
1065 1051 1268 1135 fidejussores.

267 1160 311 1223 Et
326 1158 370 1222 sic
386 1181 405 1222 e
419 1157 505 1222 curie
516 1158 659 1223 recedens
674 1159 714 1222 ad
729 1159 902 1246 hospitium
914 1184 1007 1225 suum
1016 1161 1087 1240 ivit,
1099 1167 1132 1226 et
1142 1169 1270 1247 propter

266 1269 346 1333 iram
361 1273 393 1332 et
408 1267 667 1353 indignationem¹
677 1293 772 1354 quem
786 1270 821 1335 in
835 1272 941 1337 animo
956 1277 1138 1358 conceperat
1152 1273 1269 1339 decidit

266 1380 300 1444 in
315 1403 444 1464 gravem
460 1379 691 1463 egritudinem.

298 1517 352 1565 The
368 1516 499 1581 following
509 1532 569 1567 cese
586 1516 679 1566 should
694 1518 727 1568 be
743 1517 807 1567 read
823 1519 852 1568 in
868 1519 1011 1570 connexion
1032 1519 1096 1570 with
1113 1519 1159 1570 the
1175 1522 1266 1584 ebore,

266 1593 312 1643 the
323 1595 525 1646 circumstances
537 1595 616 1658 being
626 1595 791 1646 continuone.

377 2095 461 2177 [Tun
485 2095 577 2160 Krue
599 2117 627 2162 ο.
649 2096 786 2161 Tsouss
808 2097 830 2161 l
853 2099 995 2162 Bessus.
1041 2098 1164 2181 1164.]ι

267 2254 392 2320 [Thomas
404 2258 427 2307 is
438 2273 496 2307 now
508 2259 659 2308 summoned
671 2263 699 2307 et
706 2259 751 2308 the
763 2259 816 2308 suit
827 2259 857 2308 of
864 2259 911 2308 the
921 2261 986 2323 king
995 2262 1024 2310 to
1032 2275 1140 2320 sooner,
1148 2260 1194 2310 the
1202 2263 1266 2310 next

329 2334 388 2397 day,
401 2349 417 2383 ο
428 2335 520 2398 charge
531 2336 567 2399 by
578 2336 623 2384 the
633 2337 714 2386 letter
724 2336 754 2385 oi
760 2337 917 2398 peculstion‚
928 2337 1016 2386 before
1027 2338 1067 2386 his
1078 2339 1265 2398 consecration,

328 2412 359 2461 oi
366 2412 412 2460 the
422 2426 546 2462 serenuss
557 2412 586 2462 oi
593 2413 639 2462 the
651 2428 744 2462 crown.
779 2415 889 2463 Thomes
897 2415 997 2464 ossoins
1006 2415 1149 2464 himselfon
1157 2418 1267 2464 soconnt

328 2487 359 2536 oi
367 2488 492 2548 siokness,
504 2488 589 2538 which
599 2489 646 2537 the
657 2489 729 2551 king,
738 2505 772 2538 on
783 2491 896 2553 inquiry,
908 2490 976 2539 finds
987 2495 1016 2540 to
1026 2491 1059 2540 be
1070 2492 1139 2550 reeh
1157 2492 1207 2540 end
1220 2492 1266 2541 the

327 2579 387 2614 osse
398 2566 421 2615 is
431 2566 576 2628 postpoued
587 2581 603 2614 e
614 2566 673 2629 dsy.
707 2567 777 2614 Next
788 2566 839 2630 dey
852 2573 866 2614 ο
879 2567 975 2616 Becket
994 2569 1117 2630 proceeds
1137 2573 1165 2616 to
1182 2573 1264 2627 court,

328 2641 451 2705 carrying
462 2657 478 2690 ο.
489 2643 604 2692 crucitix.
636 2641 713 2690 Alter
723 2643 863 2706 eppesling
876 2647 904 2692 to
922 2644 967 2692 the
986 2659 1060 2706 pope,
1079 2645 1113 2693 he
1129 2646 1226 2708 alleges
1238 2647 1264 2694 in

327 2719 432 2769 ᾱοίοοοο
443 2724 472 2769 to
483 2721 528 2768 the
540 2721 626 2768 ection
638 2721 697 2768 thet
709 2718 742 2769 he
753 2719 805 2768 hed
821 2720 947 2769 rendered
957 2721 1006 2769 full
1016 2725 1126 2770 ecoonnt
1142 2737 1264 2771 concern·

327 2796 373 2858 ing
391 2796 437 2845 the
456 2811 580 2845 revenues
599 2797 628 2845 in
645 2796 766 2859 question
780 2797 869 2846 before
885 2796 926 2846 his
944 2798 1123 2848 consecretion
1142 2812 1172 2847 ss
1191 2799 1264 2848 eroh-

327 2872 426 2935 bishop,
448 2873 500 2921 end
522 2873 622 2922 relhses
640 2875 669 2922 to
688 2886 798 2922 ensuer.
830 2873 886 2923 'rho
903 2874 967 2937 king
986 2875 1050 2924 cells
1068 2875 1108 2924 ior·
1125 2876 1265 2940 judgment

327 2949 362 3011 by
378 2949 421 2998 his
449 2949 543 2998 herous
552 2970 560 3008 ς
593 2949 645 2998 end
661 2949 724 3012 they
742 2951 822 3012 going
841 2953 896 3010 out,
917 2955 1039 3000 sentence
1059 2952 1105 3000 the
1121 2951 1265 3002 defendunt

325 3030 354 3074 to
368 3025 574 3088 imprisonment.
607 3026 649 3076 He
664 3026 793 3090 prohibitu
812 3027 949 3076 execution
963 3027 993 3077 oi
1003 3028 1049 3077 the
1065 3032 1195 3090 sentence,
1212 3028 1265 3078 end

325 3101 460 3166 caespes]

262 3215 360 3280 Quon
376 3238 448 3280 cum
463 3215 532 3300 regi
548 3221 713 3296 constaret,
726 3223 763 3280 ut
777 3240 849 3282 eum
864 3217 967 3302 magis
979 3218 1141 3301 affligeret,
1153 3219 1264 3283 statim

261 3323 349 3388 misit
370 3325 411 3390 ed
428 3348 511 3405 eum,
526 3330 559 3390 et
574 3325 772 3390 summonuit
786 3347 859 3390 eum
874 3349 928 3410 per
946 3327 1043 3391 bonos
1057 3329 1264 3394 summonito-

259 3458 318 3515 res,
335 3436 418 3520 quod
426 3436 461 3499 in
473 3436 609 3500 crastino
620 3436 766 3514 venisset,
775 3441 903 3520 paratus
915 3437 1041 3502 reddere
1050 3437 1097 3501 illi
1108 3439 1262 3504 rationem

261 3545 462 3611 villicationis
478 3569 550 3626 sum,
567 3568 661 3630 quam
676 3544 788 3610 hebuit
803 3546 837 3608 in
851 3568 949 3632 regno
973 3569 1030 3612 suo
1055 3553 1129 3612 ante
1156 3570 1261 3614 conse-

260 3656 430 3720 cretionem
454 3678 555 3721 suem.
598 3655 860 3740 Archiepiscopus
889 3664 1007 3735 autem,
1044 3658 1144 3722 sciens
1181 3661 1263 3744 quod

261 3789 357 3851 grave
372 3767 401 3830 ei
416 3765 597 3831 immineret
622 3763 845 3830 exterminium
860 3766 887 3830 si
903 3766 1036 3832 incuria
1062 3769 1167 3834 venire
1191 3794 1261 3856 pro·

259 3883 408 3963 perusset,
423 3877 524 3942 modis
539 3876 685 3941 omnibus
700 3877 846 3961 quaesivit
866 3877 1068 3944 diletionem:
1092 3887 1163 3946 tum
1189 3884 1263 3968 quis

260 3993 386 4073 tempus
401 3987 657 4054 summonitionis
673 3987 894 4053 brevissimum
909 3995 985 4070 erat,
1001 3995 1071 4054 tum
1097 3994 1171 4076 quie
1196 3995 1263 4081 ipse

259 4101 399 4185 graviter
408 4099 636 4166 infirmabatur.
682 4097 824 4185 Cumque
840 4124 895 4165 rex
911 4100 1040 4166 vidisset
1054 4105 1137 4188 quod
1162 4107 1262 4171 erchi-

260 4209 421 4297 episcopus
451 4211 491 4276 ad
521 4211 605 4275 diem
639 4209 730 4274 illum
757 4233 820 4276 non
851 4211 983 4292 veniret,
999 4212 1087 4278 misit
1119 4217 1158 4281 ad
1191 4241 1262 4282 eum

516 4361 525 4394 ¹
543 4367 558 4414 1
570 4366 633 4429 liog.
646 4366 677 4415 de
689 4366 755 4415 Hos.
767 4367 816 4417 225
830 4367 902 4433 (Boc.
912 4367 1003 4434 Gom).
