<?xml version="1.0" encoding="UTF-8"?>
<!DOCTYPE html PUBLIC "-//W3C//DTD XHTML 1.0 Transitional//EN"
    "http://www.w3.org/TR/xhtml1/DTD/xhtml1-transitional.dtd">
<html xmlns="http://www.w3.org/1999/xhtml" xml:lang="en" lang="en">
 <head>
  <title>
</title>
<meta http-equiv="Content-Type" content="text/html;charset=utf-8" />
  <meta name='ocr-system' content='tesseract 3.04.00' />
  <meta name='ocr-capabilities' content='ocr_page ocr_carea ocr_par ocr_line ocrx_word'/>
</head>
<body>
  <div class='ocr_page' id='page_1' title='image "./placitaanglonor01bigegoog_0199.png"; bbox 0 0 3286 5142; ppageno 0'>
   <div class='ocr_carea' id='block_1_1' title="bbox 358 645 1108 708">
    <p class='ocr_par' dir='ltr' id='par_1_1' title="bbox 358 645 1108 708">
     <span class='ocr_line' id='line_1_1' title="bbox 358 645 1108 708; baseline 0 -2"><span class='ocrx_word' id='word_1_1' title='bbox 358 645 418 706; x_wconf 76' lang='lat'>132</span> <span class='ocrx_word' id='word_1_2' title='bbox 604 663 736 707; x_wconf 76' lang='lat' dir='ltr'>rurcrrr</span> <span class='ocrx_word' id='word_1_3' title='bbox 759 663 1108 708; x_wconf 74' lang='lat' dir='ltr'>annuo-nonnrnnrcr.</span> 
     </span>
    </p>
   </div>
   <div class='ocr_carea' id='block_1_2' title="bbox 355 813 1356 1894">
    <p class='ocr_par' dir='ltr' id='par_1_2' title="bbox 355 813 1356 1894">
     <span class='ocr_line' id='line_1_2' title="bbox 357 813 1355 899; baseline -0.001 -22"><span class='ocrx_word' id='word_1_4' title='bbox 357 813 527 878; x_wconf 82' lang='lat' dir='ltr'><strong>Ricardum</strong></span> <span class='ocrx_word' id='word_1_5' title='bbox 553 814 590 878; x_wconf 93' lang='lat' dir='ltr'>de</span> <span class='ocrx_word' id='word_1_6' title='bbox 614 815 782 880; x_wconf 83' lang='lat' dir='ltr'>Stauluche</span> <span class='ocrx_word' id='word_1_7' title='bbox 804 815 909 879; x_wconf 85' lang='lat' dir='ltr'>abbati</span> <span class='ocrx_word' id='word_1_8' title='bbox 935 815 1121 894; x_wconf 75' lang='lat' dir='ltr'><strong>transmisit,</strong></span> <span class='ocrx_word' id='word_1_9' title='bbox 1135 823 1168 880; x_wconf 88' lang='lat' dir='ltr'>et</span> <span class='ocrx_word' id='word_1_10' title='bbox 1190 814 1355 899; x_wconf 87' lang='lat' dir='ltr'>pecuniam</span> 
     </span>
     <span class='ocr_line' id='line_1_3' title="bbox 355 924 1356 1009; baseline 0.001 -23"><span class='ocrx_word' id='word_1_11' title='bbox 355 946 444 986; x_wconf 87' lang='lat' dir='ltr'>suam</span> <span class='ocrx_word' id='word_1_12' title='bbox 460 924 637 988; x_wconf 91' lang='lat' dir='ltr'>eorumdem</span> <span class='ocrx_word' id='word_1_13' title='bbox 659 925 763 1009; x_wconf 84' lang='lat' dir='ltr'>plegio</span> <span class='ocrx_word' id='word_1_14' title='bbox 785 925 911 1008; x_wconf 87' lang='lat' dir='ltr'>recepit,</span> <span class='ocrx_word' id='word_1_15' title='bbox 927 925 978 988; x_wconf 90' lang='lat' dir='ltr'>die</span> <span class='ocrx_word' id='word_1_16' title='bbox 1000 931 1121 988; x_wconf 85' lang='lat' dir='ltr'>statuto</span> <span class='ocrx_word' id='word_1_17' title='bbox 1136 924 1307 1008; x_wconf 67' lang='lat' dir='ltr'>placitandi</span> <span class='ocrx_word' id='word_1_18' title='bbox 1322 930 1356 988; x_wconf 84' lang='lat' dir='ltr'>ct</span> 
     </span>
     <span class='ocr_line' id='line_1_4' title="bbox 355 1033 1354 1119; baseline 0.002 -23"><span class='ocrx_word' id='word_1_19' title='bbox 355 1033 460 1117; x_wconf 85' lang='lat' dir='ltr'>plegio</span> <span class='ocrx_word' id='word_1_20' title='bbox 476 1034 646 1118; x_wconf 86' lang='lat' dir='ltr'>quietandi.</span> <span class='ocrx_word' id='word_1_21' title='bbox 672 1035 747 1099; x_wconf 85' lang='lat' dir='ltr'>Dies</span> <span class='ocrx_word' id='word_1_22' title='bbox 762 1041 870 1119; x_wconf 88' lang='lat' dir='ltr'>postea</span> <span class='ocrx_word' id='word_1_23' title='bbox 886 1041 1026 1099; x_wconf 85' lang='lat' dir='ltr'>statutus</span> <span class='ocrx_word' id='word_1_24' title='bbox 1038 1035 1135 1113; x_wconf 87' lang='lat' dir='ltr'>venit,</span> <span class='ocrx_word' id='word_1_25' title='bbox 1145 1057 1201 1100; x_wconf 89' lang='lat' dir='ltr'>uec</span> <span class='ocrx_word' id='word_1_26' title='bbox 1213 1034 1354 1119; x_wconf 88' lang='lat' dir='ltr'>placitor,</span> 
     </span>
     <span class='ocr_line' id='line_1_5' title="bbox 356 1143 1355 1230; baseline 0.004 -24"><span class='ocrx_word' id='word_1_27' title='bbox 356 1165 411 1208; x_wconf 90' lang='lat' dir='ltr'>uec</span> <span class='ocrx_word' id='word_1_28' title='bbox 437 1143 560 1228; x_wconf 83' lang='lat' dir='ltr'>plegius</span> <span class='ocrx_word' id='word_1_29' title='bbox 583 1145 771 1230; x_wconf 88' lang='lat' dir='ltr'>quietaudus</span> <span class='ocrx_word' id='word_1_30' title='bbox 800 1145 900 1209; x_wconf 83' lang='lat' dir='ltr'>affuit.</span> <span class='ocrx_word' id='word_1_31' title='bbox 956 1145 1050 1210; x_wconf 88' lang='lat' dir='ltr'>Unde</span> <span class='ocrx_word' id='word_1_32' title='bbox 1074 1145 1170 1210; x_wconf 86' lang='lat' dir='ltr'>abbas</span> <span class='ocrx_word' id='word_1_33' title='bbox 1192 1145 1355 1229; x_wconf 77' lang='lat' dir='ltr'>praedictos</span> 
     </span>
     <span class='ocr_line' id='line_1_6' title="bbox 355 1253 1356 1341; baseline 0.003 -24"><span class='ocrx_word' id='word_1_34' title='bbox 355 1253 477 1339; x_wconf 85' lang='lat' dir='ltr'>plegios</span> <span class='ocrx_word' id='word_1_35' title='bbox 492 1255 606 1320; x_wconf 83' lang='lat' dir='ltr'>ascitos</span> <span class='ocrx_word' id='word_1_36' title='bbox 621 1255 721 1320; x_wconf 92' lang='lat' dir='ltr'>movit</span> <span class='ocrx_word' id='word_1_37' title='bbox 735 1255 773 1321; x_wconf 88' lang='lat' dir='ltr'>de</span> <span class='ocrx_word' id='word_1_38' title='bbox 789 1255 898 1320; x_wconf 87' lang='lat' dir='ltr'>habita</span> <span class='ocrx_word' id='word_1_39' title='bbox 913 1278 945 1319; x_wconf 91' lang='lat' dir='ltr'>re</span> <span class='ocrx_word' id='word_1_40' title='bbox 961 1256 1178 1339; x_wconf 83' lang='lat' dir='ltr'>quaestionem.</span> <span class='ocrx_word' id='word_1_41' title='bbox 1221 1258 1266 1320; x_wconf 89' lang='lat' dir='ltr'>Et</span> <span class='ocrx_word' id='word_1_42' title='bbox 1280 1257 1356 1341; x_wconf 86' lang='lat' dir='ltr'>quia</span> 
     </span>
     <span class='ocr_line' id='line_1_7' title="bbox 356 1364 1354 1446; baseline 0.002 -18"><span class='ocrx_word' id='word_1_43' title='bbox 356 1364 390 1428; x_wconf 91' lang='lat' dir='ltr'>in</span> <span class='ocrx_word' id='word_1_44' title='bbox 401 1388 505 1430; x_wconf 85' lang='lat' dir='ltr'>amore</span> <span class='ocrx_word' id='word_1_45' title='bbox 520 1366 689 1431; x_wconf 83' lang='lat' dir='ltr'>familiares</span> <span class='ocrx_word' id='word_1_46' title='bbox 703 1367 732 1431; x_wconf 92' lang='lat' dir='ltr'>ei</span> <span class='ocrx_word' id='word_1_47' title='bbox 747 1373 848 1445; x_wconf 86' lang='lat' dir='ltr'>crant,</span> <span class='ocrx_word' id='word_1_48' title='bbox 860 1389 967 1430; x_wconf 92' lang='lat' dir='ltr'>eorum</span> <span class='ocrx_word' id='word_1_49' title='bbox 979 1365 1174 1430; x_wconf 90' lang='lat' dir='ltr'>internuntio</span> <span class='ocrx_word' id='word_1_50' title='bbox 1187 1366 1354 1446; x_wconf 79' lang='lat' dir='ltr'>mediante,</span> 
     </span>
     <span class='ocr_line' id='line_1_8' title="bbox 355 1475 1355 1560; baseline 0.002 -22"><span class='ocrx_word' id='word_1_51' title='bbox 355 1475 437 1540; x_wconf 84' lang='lat' dir='ltr'>inter</span> <span class='ocrx_word' id='word_1_52' title='bbox 463 1499 495 1540; x_wconf 88' lang='lat' dir='ltr'>se</span> <span class='ocrx_word' id='word_1_53' title='bbox 521 1484 555 1540; x_wconf 90' lang='lat' dir='ltr'>et</span> <span class='ocrx_word' id='word_1_54' title='bbox 580 1477 682 1560; x_wconf 91' lang='lat' dir='ltr'>ipsum</span> <span class='ocrx_word' id='word_1_55' title='bbox 709 1476 934 1541; x_wconf 87' lang='lat' dir='ltr'>Ermenoldum</span> <span class='ocrx_word' id='word_1_56' title='bbox 960 1485 1065 1541; x_wconf 88' lang='lat' dir='ltr'>actum</span> <span class='ocrx_word' id='word_1_57' title='bbox 1093 1485 1141 1540; x_wconf 88' lang='lat' dir='ltr'>est</span> <span class='ocrx_word' id='word_1_58' title='bbox 1167 1485 1204 1542; x_wconf 93' lang='lat' dir='ltr'>ut</span> <span class='ocrx_word' id='word_1_59' title='bbox 1227 1477 1285 1542; x_wconf 85' lang='lat' dir='ltr'>iste</span> <span class='ocrx_word' id='word_1_60' title='bbox 1307 1476 1355 1541; x_wconf 90' lang='lat' dir='ltr'>vir</span> 
     </span>
     <span class='ocr_line' id='line_1_9' title="bbox 356 1587 1355 1672; baseline 0.002 -22"><span class='ocrx_word' id='word_1_61' title='bbox 356 1587 599 1652; x_wconf 87' lang='lat' dir='ltr'>misericordiam</span> <span class='ocrx_word' id='word_1_62' title='bbox 626 1587 750 1651; x_wconf 85' lang='lat' dir='ltr'>abbatis</span> <span class='ocrx_word' id='word_1_63' title='bbox 773 1594 935 1672; x_wconf 88' lang='lat' dir='ltr'>quaereret,</span> <span class='ocrx_word' id='word_1_64' title='bbox 958 1595 992 1652; x_wconf 92' lang='lat' dir='ltr'>et</span> <span class='ocrx_word' id='word_1_65' title='bbox 1017 1587 1076 1652; x_wconf 90' lang='lat' dir='ltr'>hoo</span> <span class='ocrx_word' id='word_1_66' title='bbox 1103 1588 1141 1652; x_wconf 91' lang='lat' dir='ltr'>de</span> <span class='ocrx_word' id='word_1_67' title='bbox 1171 1588 1234 1652; x_wconf 88' lang='lat' dir='ltr'>suis</span> <span class='ocrx_word' id='word_1_68' title='bbox 1264 1587 1355 1652; x_wconf 86' lang='lat' dir='ltr'>rebus</span> 
     </span>
     <span class='ocr_line' id='line_1_10' title="bbox 355 1697 1355 1784; baseline 0 -22"><span class='ocrx_word' id='word_1_69' title='bbox 355 1697 461 1762; x_wconf 86' lang='lat' dir='ltr'>abbati</span> <span class='ocrx_word' id='word_1_70' title='bbox 485 1705 518 1762; x_wconf 86' lang='lat' dir='ltr'>et</span> <span class='ocrx_word' id='word_1_71' title='bbox 540 1698 675 1762; x_wconf 86' lang='lat' dir='ltr'>ccclesiae</span> <span class='ocrx_word' id='word_1_72' title='bbox 698 1698 911 1763; x_wconf 83' lang='lat' dir='ltr'>Abbendoniae</span> <span class='ocrx_word' id='word_1_73' title='bbox 933 1699 1123 1778; x_wconf 87' lang='lat' dir='ltr'>concederet,</span> <span class='ocrx_word' id='word_1_74' title='bbox 1146 1707 1184 1763; x_wconf 91' lang='lat' dir='ltr'>ut</span> <span class='ocrx_word' id='word_1_75' title='bbox 1206 1699 1355 1784; x_wconf 91' lang='lat' dir='ltr'>quicquid</span> 
     </span>
     <span class='ocr_line' id='line_1_11' title="bbox 355 1809 1354 1894; baseline 0.001 -22"><span class='ocrx_word' id='word_1_76' title='bbox 355 1818 444 1872; x_wconf 74' lang='lat' dir='ltr'>terras</span> <span class='ocrx_word' id='word_1_77' title='bbox 459 1810 594 1873; x_wconf 87' lang='lat' dir='ltr'>hahebat</span> <span class='ocrx_word' id='word_1_78' title='bbox 609 1833 665 1872; x_wconf 84' lang='lat' dir='ltr'>sua</span> <span class='ocrx_word' id='word_1_79' title='bbox 681 1809 896 1893; x_wconf 77' lang='lat' dir='ltr'>procuratione</span> <span class='ocrx_word' id='word_1_80' title='bbox 906 1809 940 1872; x_wconf 91' lang='lat' dir='ltr'>in</span> <span class='ocrx_word' id='word_1_81' title='bbox 951 1809 1054 1893; x_wconf 90' lang='lat' dir='ltr'>burgo</span> <span class='ocrx_word' id='word_1_82' title='bbox 1064 1817 1096 1873; x_wconf 92' lang='lat' dir='ltr'>et</span> <span class='ocrx_word' id='word_1_83' title='bbox 1106 1809 1144 1874; x_wconf 89' lang='lat' dir='ltr'>de</span> <span class='ocrx_word' id='word_1_84' title='bbox 1157 1810 1230 1874; x_wconf 85' lang='lat' dir='ltr'>soris</span> <span class='ocrx_word' id='word_1_85' title='bbox 1242 1811 1354 1894; x_wconf 85' lang='lat' dir='ltr'>burgo,</span> 
     </span>
    </p>
   </div>
   <div class='ocr_carea' id='block_1_3' title="bbox 354 1918 1355 2004">
    <p class='ocr_par' dir='ltr' id='par_1_3' title="bbox 354 1918 1355 2004">
     <span class='ocr_line' id='line_1_12' title="bbox 354 1918 1355 2004; baseline 0 -20"><span class='ocrx_word' id='word_1_86' title='bbox 354 1921 419 1984; x_wconf 89' lang='lat' dir='ltr'>sive</span> <span class='ocrx_word' id='word_1_87' title='bbox 434 1919 492 1983; x_wconf 89' lang='lat' dir='ltr'>sibi</span> <span class='ocrx_word' id='word_1_88' title='bbox 515 1920 645 2003; x_wconf 71' lang='lat' dir='ltr'>propria</span> <span class='ocrx_word' id='word_1_89' title='bbox 668 1920 734 1984; x_wconf 88' lang='lat' dir='ltr'>sive</span> <span class='ocrx_word' id='word_1_90' title='bbox 756 1918 789 1983; x_wconf 93' lang='lat' dir='ltr'>in</span> <span class='ocrx_word' id='word_1_91' title='bbox 805 1919 916 1984; x_wconf 88' lang='lat' dir='ltr'>vadem</span> <span class='ocrx_word' id='word_1_92' title='bbox 939 1920 1060 2004; x_wconf 81' lang='lat' dir='ltr'>positae,</span> <span class='ocrx_word' id='word_1_93' title='bbox 1078 1943 1134 1984; x_wconf 88' lang='lat' dir='ltr'>neo</span> <span class='ocrx_word' id='word_1_94' title='bbox 1152 1926 1257 1984; x_wconf 87' lang='lat' dir='ltr'>tamen</span> <span class='ocrx_word' id='word_1_95' title='bbox 1273 1928 1355 1984; x_wconf 81' lang='lat' dir='ltr'>esset</span> 
     </span>
    </p>
   </div>
   <div class='ocr_carea' id='block_1_4' title="bbox 353 2031 1355 3426">
    <p class='ocr_par' dir='ltr' id='par_1_4' title="bbox 353 2031 1355 3426">
     <span class='ocr_line' id='line_1_13' title="bbox 354 2031 1353 2118; baseline 0.002 -23"><span class='ocrx_word' id='word_1_96' title='bbox 354 2033 449 2116; x_wconf 81' lang='lat' dir='ltr'>regis,</span> <span class='ocrx_word' id='word_1_97' title='bbox 466 2032 602 2112; x_wconf 87' lang='lat' dir='ltr'>baronis,</span> <span class='ocrx_word' id='word_1_98' title='bbox 618 2040 674 2096; x_wconf 87' lang='lat' dir='ltr'>aut</span> <span class='ocrx_word' id='word_1_99' title='bbox 688 2033 835 2118; x_wconf 87' lang='lat' dir='ltr'>episcopi,</span> <span class='ocrx_word' id='word_1_100' title='bbox 850 2039 954 2096; x_wconf 92' lang='lat' dir='ltr'>totum</span> <span class='ocrx_word' id='word_1_101' title='bbox 967 2031 1062 2095; x_wconf 91' lang='lat' dir='ltr'>simul</span> <span class='ocrx_word' id='word_1_102' title='bbox 1074 2031 1203 2096; x_wconf 86' lang='lat' dir='ltr'>ccclesia</span> <span class='ocrx_word' id='word_1_103' title='bbox 1217 2033 1353 2097; x_wconf 82' lang='lat' dir='ltr'>haberet.</span> 
     </span>
     <span class='ocr_line' id='line_1_14' title="bbox 354 2143 1354 2226; baseline -0.001 -18"><span class='ocrx_word' id='word_1_104' title='bbox 354 2143 550 2208; x_wconf 87' lang='lat' dir='ltr'>Creditores¹</span> <span class='ocrx_word' id='word_1_105' title='bbox 578 2149 684 2208; x_wconf 87' lang='lat' dir='ltr'>autem</span> <span class='ocrx_word' id='word_1_106' title='bbox 716 2151 816 2222; x_wconf 84' lang='lat' dir='ltr'>terrae,</span> <span class='ocrx_word' id='word_1_107' title='bbox 842 2143 869 2207; x_wconf 92' lang='lat' dir='ltr'>si</span> <span class='ocrx_word' id='word_1_108' title='bbox 900 2149 1026 2226; x_wconf 79' lang='lat' dir='ltr'>possent</span> <span class='ocrx_word' id='word_1_109' title='bbox 1057 2143 1097 2207; x_wconf 88' lang='lat' dir='ltr'>ab</span> <span class='ocrx_word' id='word_1_110' title='bbox 1123 2143 1236 2208; x_wconf 81' lang='lat' dir='ltr'>abbate</span> <span class='ocrx_word' id='word_1_111' title='bbox 1266 2166 1354 2208; x_wconf 91' lang='lat' dir='ltr'>suam</span> 
     </span>
     <span class='ocr_line' id='line_1_15' title="bbox 354 2253 1353 2339; baseline -0.001 -20"><span class='ocrx_word' id='word_1_112' title='bbox 354 2265 469 2320; x_wconf 87' lang='lat' dir='ltr'>terram</span> <span class='ocrx_word' id='word_1_113' title='bbox 486 2277 524 2320; x_wconf 85' lang='lat' dir='ltr'>ex</span> <span class='ocrx_word' id='word_1_114' title='bbox 540 2253 718 2318; x_wconf 90' lang='lat' dir='ltr'>vadimonio</span> <span class='ocrx_word' id='word_1_115' title='bbox 741 2255 893 2339; x_wconf 86' lang='lat' dir='ltr'>quietare,</span> <span class='ocrx_word' id='word_1_116' title='bbox 909 2254 1081 2337; x_wconf 78' lang='lat' dir='ltr'>reciperent</span> <span class='ocrx_word' id='word_1_117' title='bbox 1096 2276 1183 2332; x_wconf 84' lang='lat' dir='ltr'>oam3</span> <span class='ocrx_word' id='word_1_118' title='bbox 1207 2254 1256 2318; x_wconf 91' lang='lat' dir='ltr'>sin</span> <span class='ocrx_word' id='word_1_119' title='bbox 1272 2278 1353 2330; x_wconf 87' lang='lat' dir='ltr'>vero,</span> 
     </span>
     <span class='ocr_line' id='line_1_16' title="bbox 353 2364 1355 2448; baseline -0.002 -19"><span class='ocrx_word' id='word_1_120' title='bbox 353 2365 461 2429; x_wconf 90' lang='lat' dir='ltr'>abbati</span> <span class='ocrx_word' id='word_1_121' title='bbox 477 2373 509 2429; x_wconf 92' lang='lat' dir='ltr'>et</span> <span class='ocrx_word' id='word_1_122' title='bbox 524 2365 685 2428; x_wconf 88' lang='lat' dir='ltr'>monachis</span> <span class='ocrx_word' id='word_1_123' title='bbox 700 2366 942 2448; x_wconf 69' lang='lat' dir='ltr'>permanerent.²</span> <span class='ocrx_word' id='word_1_124' title='bbox 987 2366 1032 2426; x_wconf 88' lang='lat' dir='ltr'>At</span> <span class='ocrx_word' id='word_1_125' title='bbox 1049 2387 1120 2427; x_wconf 91' lang='lat' dir='ltr'>vero</span> <span class='ocrx_word' id='word_1_126' title='bbox 1143 2364 1239 2428; x_wconf 84' lang='lat' dir='ltr'>abbas</span> <span class='ocrx_word' id='word_1_127' title='bbox 1254 2364 1355 2428; x_wconf 87' lang='lat' dir='ltr'>eidem</span> 
     </span>
     <span class='ocr_line' id='line_1_17' title="bbox 354 2475 1354 2553; baseline 0 -14"><span class='ocrx_word' id='word_1_128' title='bbox 354 2476 421 2540; x_wconf 92' lang='lat' dir='ltr'>viro</span> <span class='ocrx_word' id='word_1_129' title='bbox 435 2476 600 2551; x_wconf 82' lang='lat' dir='ltr'>concessit,</span> <span class='ocrx_word' id='word_1_130' title='bbox 617 2483 653 2539; x_wconf 89' lang='lat' dir='ltr'>ut</span> <span class='ocrx_word' id='word_1_131' title='bbox 668 2476 695 2540; x_wconf 88' lang='lat' dir='ltr'>si</span> <span class='ocrx_word' id='word_1_132' title='bbox 710 2475 807 2540; x_wconf 86' lang='lat' dir='ltr'>vellet</span> <span class='ocrx_word' id='word_1_133' title='bbox 830 2476 1001 2539; x_wconf 86' lang='lat' dir='ltr'>monachus</span> <span class='ocrx_word' id='word_1_134' title='bbox 1024 2475 1100 2553; x_wconf 86' lang='lat' dir='ltr'>fieri,</span> <span class='ocrx_word' id='word_1_135' title='bbox 1117 2477 1304 2540; x_wconf 88' lang='lat' dir='ltr'>monachum</span> <span class='ocrx_word' id='word_1_136' title='bbox 1321 2477 1354 2539; x_wconf 93' lang='lat' dir='ltr'>in</span> 
     </span>
     <span class='ocr_line' id='line_1_18' title="bbox 353 2585 1354 2653; baseline -0.003 0"><span class='ocrx_word' id='word_1_137' title='bbox 353 2587 553 2653; x_wconf 82' lang='lat' dir='ltr'>Abbeudoua</span> <span class='ocrx_word' id='word_1_138' title='bbox 567 2610 638 2651; x_wconf 89' lang='lat' dir='ltr'>eum</span> <span class='ocrx_word' id='word_1_139' title='bbox 656 2587 777 2652; x_wconf 82' lang='lat' dir='ltr'>laceret.</span> <span class='ocrx_word' id='word_1_140' title='bbox 810 2586 904 2652; x_wconf 80' lang='lat' dir='ltr'>Quod</span> <span class='ocrx_word' id='word_1_141' title='bbox 919 2586 946 2650; x_wconf 92' lang='lat' dir='ltr'>si</span> <span class='ocrx_word' id='word_1_142' title='bbox 963 2586 1071 2650; x_wconf 86' lang='lat' dir='ltr'>mallet</span> <span class='ocrx_word' id='word_1_143' title='bbox 1085 2585 1119 2649; x_wconf 92' lang='lat' dir='ltr'>in</span> <span class='ocrx_word' id='word_1_144' title='bbox 1135 2585 1212 2650; x_wconf 84' lang='lat' dir='ltr'>villa</span> <span class='ocrx_word' id='word_1_145' title='bbox 1227 2586 1354 2651; x_wconf 89' lang='lat' dir='ltr'>Abben-</span> 
     </span>
     <span class='ocr_line' id='line_1_19' title="bbox 353 2696 1353 2781; baseline -0.002 -18"><span class='ocrx_word' id='word_1_146' title='bbox 353 2697 453 2763; x_wconf 82' lang='lat' dir='ltr'>doniae</span> <span class='ocrx_word' id='word_1_147' title='bbox 461 2697 559 2761; x_wconf 88' lang='lat' dir='ltr'>laicus</span> <span class='ocrx_word' id='word_1_148' title='bbox 570 2697 693 2781; x_wconf 86' lang='lat' dir='ltr'>degere,</span> <span class='ocrx_word' id='word_1_149' title='bbox 706 2696 879 2781; x_wconf 88' lang='lat' dir='ltr'>hospitium</span> <span class='ocrx_word' id='word_1_150' title='bbox 892 2696 921 2760; x_wconf 91' lang='lat' dir='ltr'>ei</span> <span class='ocrx_word' id='word_1_151' title='bbox 929 2703 1146 2780; x_wconf 85' lang='lat' dir='ltr'>procuraretur</span> <span class='ocrx_word' id='word_1_152' title='bbox 1156 2697 1353 2776; x_wconf 88' lang='lat' dir='ltr'>conveniens,</span> 
     </span>
     <span class='ocr_line' id='line_1_20' title="bbox 353 2806 1353 2874; baseline -0.001 -1"><span class='ocrx_word' id='word_1_153' title='bbox 353 2815 386 2874; x_wconf 88' lang='lat' dir='ltr'>et</span> <span class='ocrx_word' id='word_1_154' title='bbox 400 2808 505 2872; x_wconf 89' lang='lat' dir='ltr'>victus</span> <span class='ocrx_word' id='word_1_155' title='bbox 523 2808 616 2871; x_wconf 91' lang='lat' dir='ltr'>unius</span> <span class='ocrx_word' id='word_1_156' title='bbox 636 2807 783 2872; x_wconf 88' lang='lat' dir='ltr'>monachi</span> <span class='ocrx_word' id='word_1_157' title='bbox 804 2813 837 2870; x_wconf 94' lang='lat' dir='ltr'>et</span> <span class='ocrx_word' id='word_1_158' title='bbox 852 2807 945 2870; x_wconf 91' lang='lat' dir='ltr'>unius</span> <span class='ocrx_word' id='word_1_159' title='bbox 961 2806 1125 2871; x_wconf 84' lang='lat' dir='ltr'>servientis</span> <span class='ocrx_word' id='word_1_160' title='bbox 1140 2807 1201 2870; x_wconf 91' lang='lat' dir='ltr'>sibi</span> <span class='ocrx_word' id='word_1_161' title='bbox 1215 2807 1353 2872; x_wconf 87' lang='lat' dir='ltr'>daretur.</span> 
     </span>
     <span class='ocr_line' id='line_1_21' title="bbox 356 2917 1353 3000; baseline 0 -17"><span class='ocrx_word' id='word_1_162' title='bbox 356 2920 428 2983; x_wconf 86' lang='lat' dir='ltr'>Hoc</span> <span class='ocrx_word' id='word_1_163' title='bbox 444 2918 562 2981; x_wconf 86' lang='lat' dir='ltr'>factum</span> <span class='ocrx_word' id='word_1_164' title='bbox 586 2925 635 2982; x_wconf 89' lang='lat' dir='ltr'>est</span> <span class='ocrx_word' id='word_1_165' title='bbox 658 2917 690 2980; x_wconf 90' lang='lat' dir='ltr'>in</span> <span class='ocrx_word' id='word_1_166' title='bbox 715 2917 807 2980; x_wconf 93' lang='lat' dir='ltr'>domo</span> <span class='ocrx_word' id='word_1_167' title='bbox 829 2917 978 3000; x_wconf 85' lang='lat' dir='ltr'>praedicta</span> <span class='ocrx_word' id='word_1_168' title='bbox 1002 2917 1193 2996; x_wconf 83' lang='lat' dir='ltr'>Ermenoldi,</span> <span class='ocrx_word' id='word_1_169' title='bbox 1209 2941 1265 2982; x_wconf 91' lang='lat' dir='ltr'>sua</span> <span class='ocrx_word' id='word_1_170' title='bbox 1280 2941 1353 2983; x_wconf 85' lang='lat' dir='ltr'>con-</span> 
     </span>
     <span class='ocr_line' id='line_1_22' title="bbox 353 3027 1354 3114; baseline 0 -20"><span class='ocrx_word' id='word_1_171' title='bbox 353 3031 430 3114; x_wconf 85' lang='lat' dir='ltr'>juge</span> <span class='ocrx_word' id='word_1_172' title='bbox 455 3035 486 3094; x_wconf 90' lang='lat' dir='ltr'>et</span> <span class='ocrx_word' id='word_1_173' title='bbox 516 3028 579 3091; x_wconf 88' lang='lat' dir='ltr'>filio</span> <span class='ocrx_word' id='word_1_174' title='bbox 609 3051 666 3091; x_wconf 90' lang='lat' dir='ltr'>suo</span> <span class='ocrx_word' id='word_1_175' title='bbox 695 3027 855 3090; x_wconf 85' lang='lat' dir='ltr'>Willolmo</span> <span class='ocrx_word' id='word_1_176' title='bbox 883 3034 1052 3106; x_wconf 88' lang='lat' dir='ltr'>annuente,</span> <span class='ocrx_word' id='word_1_177' title='bbox 1079 3051 1181 3092; x_wconf 87' lang='lat' dir='ltr'>coram</span> <span class='ocrx_word' id='word_1_178' title='bbox 1206 3029 1354 3114; x_wconf 80' lang='lat' dir='ltr'>praedicto</span> 
     </span>
     <span class='ocr_line' id='line_1_23' title="bbox 355 3137 1355 3216; baseline 0 -12"><span class='ocrx_word' id='word_1_179' title='bbox 355 3139 509 3216; x_wconf 78' lang='lat' dir='ltr'>Waltem,</span> <span class='ocrx_word' id='word_1_180' title='bbox 524 3145 558 3202; x_wconf 91' lang='lat' dir='ltr'>et</span> <span class='ocrx_word' id='word_1_181' title='bbox 573 3138 707 3202; x_wconf 88' lang='lat' dir='ltr'>Ricardo</span> <span class='ocrx_word' id='word_1_182' title='bbox 723 3139 761 3201; x_wconf 87' lang='lat' dir='ltr'>de</span> <span class='ocrx_word' id='word_1_183' title='bbox 778 3137 916 3216; x_wconf 85' lang='lat' dir='ltr'>Stanlac,</span> <span class='ocrx_word' id='word_1_184' title='bbox 932 3144 965 3202; x_wconf 89' lang='lat' dir='ltr'>et</span> <span class='ocrx_word' id='word_1_185' title='bbox 989 3138 1100 3204; x_wconf 87' lang='lat' dir='ltr'>multis</span> <span class='ocrx_word' id='word_1_186' title='bbox 1121 3140 1199 3205; x_wconf 87' lang='lat' dir='ltr'>aliis.</span> <span class='ocrx_word' id='word_1_187' title='bbox 1246 3141 1306 3204; x_wconf 88' lang='lat' dir='ltr'>Sed</span> <span class='ocrx_word' id='word_1_188' title='bbox 1323 3147 1355 3205; x_wconf 86' lang='lat' dir='ltr'>et</span> 
     </span>
     <span class='ocr_line' id='line_1_24' title="bbox 354 3248 1354 3335; baseline 0.002 -21"><span class='ocrx_word' id='word_1_189' title='bbox 354 3257 463 3335; x_wconf 86' lang='lat' dir='ltr'>postea</span> <span class='ocrx_word' id='word_1_190' title='bbox 484 3248 518 3312; x_wconf 94' lang='lat' dir='ltr'>in</span> <span class='ocrx_word' id='word_1_191' title='bbox 542 3249 798 3313; x_wconf 89' lang='lat' dir='ltr'>Portmannimot</span> <span class='ocrx_word' id='word_1_192' title='bbox 820 3255 979 3314; x_wconf 88' lang='lat' dir='ltr'>ostensum</span> <span class='ocrx_word' id='word_1_193' title='bbox 1003 3256 1036 3314; x_wconf 87' lang='lat' dir='ltr'>et</span> <span class='ocrx_word' id='word_1_194' title='bbox 1050 3273 1228 3314; x_wconf 88' lang='lat' dir='ltr'>concessum</span> <span class='ocrx_word' id='word_1_195' title='bbox 1247 3251 1354 3316; x_wconf 90' lang='lat' dir='ltr'>eodem</span> 
     </span>
     <span class='ocr_line' id='line_1_25' title="bbox 357 3359 911 3426; baseline -0.002 0"><span class='ocrx_word' id='word_1_196' title='bbox 357 3362 447 3426; x_wconf 90' lang='lat' dir='ltr'>modo</span> <span class='ocrx_word' id='word_1_197' title='bbox 462 3367 494 3426; x_wconf 92' lang='lat' dir='ltr'>et</span> <span class='ocrx_word' id='word_1_198' title='bbox 509 3360 615 3426; x_wconf 85' lang='lat' dir='ltr'>eadem</span> <span class='ocrx_word' id='word_1_199' title='bbox 632 3359 840 3425; x_wconf 85' lang='lat' dir='ltr'>conventione</span> <span class='ocrx_word' id='word_1_200' title='bbox 855 3371 911 3426; x_wconf 88' lang='lat' dir='ltr'>est.</span> 
     </span>
    </p>
   </div>
   <div class='ocr_carea' id='block_1_5' title="bbox 699 3872 1034 3957">
    <p class='ocr_par' dir='ltr' id='par_1_5' title="bbox 699 3872 1034 3957">
     <span class='ocr_line' id='line_1_26' title="bbox 699 3872 1034 3957; baseline -0.006 -20"><span class='ocrx_word' id='word_1_201' title='bbox 699 3873 825 3956; x_wconf 81' lang='lat' dir='ltr'>[Aaaor</span> <span class='ocrx_word' id='word_1_202' title='bbox 840 3872 1034 3957; x_wconf 83' lang='lat' dir='ltr'>Vrucunr.]³</span> 
     </span>
    </p>
   </div>
   <div class='ocr_carea' id='block_1_6' title="bbox 357 4007 1357 4146">
    <p class='ocr_par' dir='ltr' id='par_1_6' title="bbox 357 4007 1357 4146">
     <span class='ocr_line' id='line_1_27' title="bbox 357 4007 1356 4080; baseline -0.005 -17"><span class='ocrx_word' id='word_1_203' title='bbox 357 4014 426 4080; x_wconf 82' lang='lat' dir='ltr'>[The</span> <span class='ocrx_word' id='word_1_204' title='bbox 444 4013 524 4061; x_wconf 84' lang='lat' dir='ltr'>abbot</span> <span class='ocrx_word' id='word_1_205' title='bbox 543 4010 573 4058; x_wconf 82' lang='lat' dir='ltr'>oi</span> <span class='ocrx_word' id='word_1_206' title='bbox 590 4007 729 4071; x_wconf 80' lang='lat' dir='ltr'>Abingdon</span> <span class='ocrx_word' id='word_1_207' title='bbox 747 4007 851 4056; x_wconf 85' lang='lat' dir='ltr'>obtains</span> <span class='ocrx_word' id='word_1_208' title='bbox 869 4008 1028 4057; x_wconf 83' lang='lat' dir='ltr'>restoration</span> <span class='ocrx_word' id='word_1_209' title='bbox 1046 4007 1114 4056; x_wconf 75' lang='lat' dir='ltr'>from</span> <span class='ocrx_word' id='word_1_210' title='bbox 1129 4010 1175 4058; x_wconf 84' lang='lat' dir='ltr'>tho</span> <span class='ocrx_word' id='word_1_211' title='bbox 1192 4009 1256 4071; x_wconf 77' lang='lat' dir='ltr'>king</span> <span class='ocrx_word' id='word_1_212' title='bbox 1267 4008 1295 4058; x_wconf 80' lang='lat' dir='ltr'>of</span> <span class='ocrx_word' id='word_1_213' title='bbox 1311 4010 1356 4058; x_wconf 88' lang='lat' dir='ltr'>the</span> 
     </span>
     <span class='ocr_line' id='line_1_28' title="bbox 422 4082 1357 4146; baseline -0.003 -9"><span class='ocrx_word' id='word_1_214' title='bbox 422 4087 539 4137; x_wconf 78' lang='lat' dir='ltr'>hundred</span> <span class='ocrx_word' id='word_1_215' title='bbox 550 4086 579 4134; x_wconf 80' lang='lat' dir='ltr'>ol</span> <span class='ocrx_word' id='word_1_216' title='bbox 588 4085 707 4143; x_wconf 89' lang='lat' dir='ltr'>Hormer,</span> <span class='ocrx_word' id='word_1_217' title='bbox 720 4084 784 4132; x_wconf 87' lang='lat' dir='ltr'>with</span> <span class='ocrx_word' id='word_1_218' title='bbox 796 4082 868 4146; x_wconf 86' lang='lat' dir='ltr'>right</span> <span class='ocrx_word' id='word_1_219' title='bbox 878 4085 908 4132; x_wconf 79' lang='lat' dir='ltr'>of</span> <span class='ocrx_word' id='word_1_220' title='bbox 921 4084 1114 4142; x_wconf 82' lang='lat' dir='ltr'>markettherc,</span> <span class='ocrx_word' id='word_1_221' title='bbox 1123 4086 1153 4134; x_wconf 81' lang='lat' dir='ltr'>of</span> <span class='ocrx_word' id='word_1_222' title='bbox 1160 4087 1223 4135; x_wconf 92' lang='lat' dir='ltr'>both</span> <span class='ocrx_word' id='word_1_223' title='bbox 1235 4086 1265 4135; x_wconf 82' lang='lat' dir='ltr'>of</span> <span class='ocrx_word' id='word_1_224' title='bbox 1272 4086 1357 4136; x_wconf 82' lang='lat' dir='ltr'>which</span> 
     </span>
    </p>
   </div>
   <div class='ocr_carea' id='block_1_7' title="bbox 453 4310 1248 4453">
    <p class='ocr_par' dir='ltr' id='par_1_7' title="bbox 453 4310 1248 4453">
     <span class='ocr_line' id='line_1_29' title="bbox 453 4310 1248 4374; baseline 0.001 -12"><span class='ocrx_word' id='word_1_225' title='bbox 453 4313 461 4344; x_wconf 91' lang='lat'><strong>¹</strong></span> <span class='ocrx_word' id='word_1_226' title='bbox 480 4310 638 4362; x_wconf 79' lang='lat' dir='ltr'>Debitoresi</span> <span class='ocrx_word' id='word_1_227' title='bbox 1040 4313 1051 4346; x_wconf 78' lang='lat'>²</span> <span class='ocrx_word' id='word_1_228' title='bbox 1068 4313 1248 4374; x_wconf 82' lang='lat' dir='ltr'>permaneret?</span> 
     </span>
     <span class='ocr_line' id='line_1_30' title="bbox 566 4387 1150 4453; baseline 0.009 -19"><span class='ocrx_word' id='word_1_229' title='bbox 566 4387 578 4421; x_wconf 83' lang='lat'>⁸</span> <span class='ocrx_word' id='word_1_230' title='bbox 595 4389 610 4435; x_wconf 85' lang='lat'>2</span> <span class='ocrx_word' id='word_1_231' title='bbox 623 4387 693 4434; x_wconf 86' lang='lat' dir='ltr'>Hist.</span> <span class='ocrx_word' id='word_1_232' title='bbox 707 4387 1046 4450; x_wconf 75' lang='lat' dir='ltr'>Mon.nbingd.1ua(1ta0.</span> <span class='ocrx_word' id='word_1_233' title='bbox 1061 4390 1150 4453; x_wconf 79' lang='lat' dir='ltr'>Gom).</span> 
     </span>
    </p>
   </div>
   <div class='ocr_carea' id='block_1_8' title="bbox 0 0 1648 5142">
    <p class='ocr_par' dir='ltr' id='par_1_8' title="bbox 0 0 1648 5142">
     <span class='ocr_line' id='line_1_31' title="bbox 0 0 1648 5142; baseline 0 1"><span class='ocrx_word' id='word_1_234' title='bbox 0 0 1648 5142; x_wconf 95' lang='lat' dir='ltr'> </span> 
     </span>
    </p>
   </div>
  </div>
 </body>
</html>
