3286 5150
400 589 463 652 230
644 605 778 652 nmoim
802 605 1155 654 mono-nonninmos.

401 757 547 826 omnibns
561 757 699 824 castellis
713 758 787 825 onis.
829 757 1040 846 Reddiditqne
1055 757 1085 824 ei
1100 781 1154 824 rex
1167 757 1283 824 ibidem
1300 763 1403 825 totam

402 869 616 950 Iaeioestrinm,
630 875 664 936 et
677 869 837 952 forestam,
851 893 920 956 quae
933 871 1046 956 jnmtae
1060 877 1150 936 oront
1164 892 1219 955 per
1236 893 1404 936 oommune

402 987 631 1046 sacromentum
657 981 826 1046 comitatus
850 1003 918 1048 esse
940 980 1051 1046 debere
1080 981 1120 1046 de
1148 979 1305 1047 dominico
1333 1003 1402 1045 suo.

403 1091 529 1157 Sciebat
542 1097 648 1158 nutem
662 1114 717 1158 rex
730 1092 789 1158 hoo
804 1092 923 1157 foetum
938 1090 1036 1156 fuisse
1050 1097 1176 1176 propter
1190 1089 1353 1170 invidiam,
1368 1096 1402 1155 et

399 1224 456 1287 pro
470 1223 506 1268 eo
521 1201 603 1288 quod
617 1225 671 1268 rex
686 1202 833 1270 comitem
847 1203 917 1269 odio
931 1201 1076 1267 habebnt.

410 1910 496 1996 [ΤΗ
533 1911 661 1978 Wmow
694 1933 761 1978 mn
799 1915 925 1990 Roonn
958 1914 1085 1978 Ennosn
1116 1915 1194 1993 Son,
1224 1933 1264 1980 os
1295 1913 1401 1979 Hoon

755 2023 869 2089 B1oon.
917 2025 1045 2109 1177.]ι

402 2168 493 2236 [Upon
500 2171 546 2221 tho
555 2171 635 2221 doeth
645 2171 675 2222 of
683 2171 762 2234 Hugh
775 2172 860 2236 Bigot,
870 2172 913 2222 bis
924 2171 1017 2222 widow
1027 2173 1063 2236 by
1074 2187 1091 2222 s
1101 2171 1196 2222 sooond
1207 2173 1336 2236 menningo
1347 2177 1402 2222 soto

465 2249 659 2311 npeolnimon
671 2248 854 2299 bshnlsothsr
865 2249 1038 2314 somogntnst
1053 2250 1100 2299 the
1115 2250 1199 2300 oldest
1216 2265 1264 2300 son
1282 2249 1358 2314 (born
1374 2249 1405 2298 of

466 2327 512 2375 tho
522 2325 733 2389 flmtmorn'ogs),
741 2326 821 2376 toths
828 2329 966 2388 emptiones
977 2329 1001 2376 st
1009 2329 1206 2388 ponnsbitioms
1216 2327 1296 2377 ottho
1307 2330 1401 2386 estote

464 2405 594 2467 ming
605 2403 664 2454 thot
674 2403 721 2453 tho
730 2403 856 2454 dsooosod
866 2404 918 2453 hod
928 2405 1006 2482 given
1016 2404 1090 2454 them
1101 2407 1130 2453 to
1145 2405 1194 2453 hor
1203 2419 1259 2454 son.
1293 2404 1363 2454 neon
1374 2403 1406 2453 ot

465 2481 790 2544 thopnrtinsgoostothe
805 2481 869 2546 king
886 2481 951 2532 with
970 2484 1104 2546 monsyto
1123 2481 1213 2532 obtain
1227 2481 1336 2541 nvom
1352 2482 1401 2532 bnt

465 2561 511 2610 tho
522 2561 587 2624 king
597 2575 630 2610 on
642 2560 749 2624 honi-Ing
764 2561 828 2610 both
844 2560 914 2611 sides
925 2563 979 2610 sets
990 2574 1006 2609 o
1016 2561 1068 2624 day
1080 2560 1120 2610 sor
1130 2561 1221 2624 trying
1232 2561 1277 2609 tho
1288 2575 1347 2610 ense
1358 2561 1402 2610 bo·

465 2637 520 2688 sore
530 2639 572 2688 his
582 2638 650 2688 onrls
660 2638 714 2688 ond
723 2638 827 2700 buono,
834 2637 890 2688 ond
901 2638 929 2688 in
936 2638 982 2688 tho
993 2652 1069 2688 monn
1081 2639 1146 2688 timo
1164 2637 1240 2688 totos
1258 2639 1304 2688 tho
1314 2641 1400 2688 estote

464 2717 521 2768 into
531 2716 572 2766 his
583 2731 641 2767 own
651 2716 744 2782 hond]

400 2832 519 2896 Eoum
544 2852 637 2912 enno,
656 2835 730 2896 onte
761 2830 867 2914 Copnt
896 2830 918 2894 J
919 2829 1030 2914 ejunii,
1059 2828 1139 2894 obiit
1168 2851 1271 2896 eomes
1302 2830 1400 2912 Hugo

400 2942 511 3026 Bigot.
556 2941 601 3006 Et
624 2941 769 3026 otgerus
793 2941 903 3025 sigeo,
926 2940 1025 3025 ipsius
1050 2940 1157 3017 hores,
1174 2945 1207 3005 et
1232 2962 1311 3004 uxor
1333 2941 1399 3025 ejus

400 3051 618 3116 veneruntad
647 3051 765 3116 ondam
796 3052 879 3137 apud
905 3049 1139 3116 Winloshovers
1168 3050 1401 3129 contendentes,

401 3160 473 3246 quis
502 3181 609 3225 sonim
643 3159 711 3246 regi
742 3161 815 3245 plus
845 3163 953 3227 offemt
984 3183 1041 3247 pro
1071 3161 1253 3227 haereditoto
1276 3161 1401 3227 comitis

401 3270 554 3336 hobendm
600 3272 673 3356 Ipse
686 3293 771 3351 vero,
785 3271 860 3357 quia
873 3271 1104 3357 primogenitus
1118 3278 1151 3338 et
1165 3271 1263 3337 haeros
1277 3272 1401 3338 oomitis

401 3387 478 3461 erat,
493 3381 611 3447 obtulit
624 3381 693 3468 regi
708 3387 741 3448 et
754 3382 905 3449 multost
919 3405 1048 3467 magno,
1062 3404 1119 3467 pro
1140 3383 1321 3448 haereditate
1344 3405 1402 3447 eun

377 3491 547 3558 ‘hnbendn
573 3491 607 3556 in
630 3491 804 3578 integrum,
819 3493 902 3558 siout
924 3498 1015 3578 potor
1040 3515 1115 3557 suus
1137 3515 1206 3558 eam
1221 3492 1337 3573 tenuit,
1352 3492 1403 3557 die

403 3626 466 3689 qno
476 3601 537 3668 fnit
548 3602 640 3668 vivos
651 3608 684 3668 ot
698 3610 853 3670 mortuus.
890 3603 1149 3684 Comitissavero‚
1162 3625 1293 3668 noverea
1304 3603 1402 3687 ipsius

404 3710 523 3797 Rogeri
547 3711 656 3795 Bigot,
682 3712 800 3777 obtulit
824 3712 891 3797 regi
920 3712 1024 3778 multo
1052 3718 1086 3778 et
1114 3736 1241 3798 magno,
1270 3719 1308 3778 ut
1335 3713 1403 3798 ipse

403 3822 584 3889 oonoederet
609 3820 674 3887 filio
698 3844 754 3888 sno
777 3823 951 3908 emptiones
977 3830 1009 3888 et
1037 3823 1277 3908 perquisitiones
1305 3822 1404 3907 ipsius

401 3931 537 3997 eomitis.
581 3931 716 3997 Dicebat
730 3932 827 4012 enim,
842 3934 924 4018 quod
940 3955 1043 3998 eomes
1060 3934 1159 4018 Hngo
1175 3933 1274 4017 Bigot
1294 3932 1406 3998 divisit

403 4041 469 4108 filio
484 4063 539 4108 suo
554 4063 646 4126 quem
661 4041 699 4107 de
713 4064 750 4106 ea
763 4043 888 4127 gennit,
902 4066 1010 4108 omnes
1024 4043 1199 4128 emptiones
1224 4049 1257 4110 et
1281 4043 1407 4128 perqui-

404 4151 534 4217 sitiones
552 4173 633 4216 suos.
678 4153 722 4216 Et
736 4175 808 4217 oum
825 4152 971 4219 dominus
985 4177 1040 4220 rex
1054 4154 1217 4238 utriusque
1238 4153 1408 4240 petitiones

561 4310 569 4343 ¹
588 4311 600 4359 1
615 4310 777 4374 Benedictus,
790 4313 871 4364 Gesto
882 4313 948 4364 Hsn.
961 4314 1065 4375 11.,1so
1078 4315 1150 4376 (Boe.
1160 4313 1253 4378 Gom).
