3280 5132
696 667 838 712 ultum
861 668 885 712 1.

531 860 658 944 [Lusus
680 878 720 923 ou
741 859 852 923 Nmuu
876 859 1047 942 Fossam]

334 1019 457 1084 Dicunt
470 1019 555 1106 qucd
571 1019 720 1104 Nigellus
740 1019 873 1084 Fossard
896 1019 990 1085 debet
1012 1021 1126 1087 habere
1151 1021 1186 1086 in
1210 1023 1291 1087 Sen-

290 1129 360 1195 dale
375 1131 456 1196 VII.
471 1131 602 1196 bovatas
623 1138 706 1196 terre
721 1130 759 1196 de
780 1137 864 1196 terra
879 1130 1022 1210 Aluuini,
1039 1130 1122 1197 unde
1137 1154 1207 1196 soca
1222 1156 1291 1218 per-

290 1241 373 1307 tinet
387 1243 427 1307 ud
442 1243 679 1328 Coningsburg‚
695 1242 775 1307 etin
791 1243 899 1308 eadem
919 1242 997 1308 villa
1011 1243 1040 1310 Ι.
1056 1242 1237 1326 aecclesiam,
1253 1245 1292 1311 de

291 1375 353 1437 qua
363 1353 448 1438 jacet
462 1376 534 1420 soce
547 1353 582 1419 in
597 1353 852 1439 Coniugesburg.

601 1746 728 1830 [Lusus
750 1766 789 1811 os
811 1747 986 1833 Nouum]

338 1907 410 1970 Duo
425 1905 599 1970 marescalli
613 1905 781 1970 saisierunt
794 1911 912 1971 terram
927 1908 1118 1988 Normsnni,
1145 1913 1179 1973 et
1201 1912 1293 1972 tenu-

293 2023 397 2082 erunt.
442 2017 600 2081 Nesciunt
613 2017 756 2081 homiues
778 2016 817 2081 de
840 2023 1002 2102 wapentac
1026 2041 1164 2102 quonam
1190 2018 1283 2083 modo

295 2149 352 2192 nec
367 2125 406 2192 ud
421 2126 613 2212 cujusopus.
660 2127 722 2191 Sed
737 2127 886 2193 viderunt
899 2150 951 2193 eos
966 2135 1122 2196 tenentes.

508 2524 659 2608 [Euuwm
681 2546 709 2589 v.
734 2525 866 2590 Ossuuu
897 2545 938 2590 uu
961 2523 1087 2608 Auem]

341 2683 383 2749 In
400 2684 605 2768 Scachertorp
620 2683 702 2748 etin
717 2683 840 2750 duabus
855 2684 1049 2769 Popletunis,
1066 2684 1128 2748 VI.
1145 2690 1298 2749 cerucutae

298 2799 389 2860 terrm
425 2800 459 2860 et
495 2793 627 2860 dimidia
660 2794 699 2860 de
732 2801 816 2860 terra
850 2795 975 2860 Ernuin
1010 2797 1175 2874 Catenase,
1202 2818 1299 2880 quam

298 2912 387 2972 tenet
402 2906 564 2972 Osbernus
587 2905 625 2970 de
650 2905 751 2986 Arois,
778 2912 940 2972 testantur
962 2907 1002 2972 ud
1026 2929 1104 2991 opus
1128 2905 1242 2986 Malos,
1266 2913 1300 2973 et

299 3018 410 3083 dicunt
424 3016 509 3102 quod
523 3016 646 3080 Ernuiu
662 3017 826 3103 presbyter
844 3018 939 3083 debet
961 3018 1075 3083 habere
1098 3016 1137 3081 de
1161 3019 1299 3085 Roberto

300 3130 413 3195 Malet.
458 3129 512 3192 Its
525 3128 748 3207 testificentur,
771 3130 854 3214 quod
869 3129 1069 3195 Willelmum
1085 3129 1189 3195 Malet
1211 3130 1300 3197 vide-

300 3247 377 3305 runt
391 3239 536 3304 saisitum
563 3245 596 3303 et
610 3245 782 3320 tenentem,
803 3247 836 3305 et
856 3241 999 3305 homines
1022 3240 1061 3304 de
1090 3245 1175 3304 terra
1203 3242 1299 3308 servi·

301 3355 382 3418 tium
399 3350 460 3415 sibi
475 3351 626 3431 feceruut,
641 3358 674 3417 et
687 3353 831 3418 homines
845 3352 912 3437 ejus
929 3352 1067 3434 fuerunt,
1083 3352 1137 3418 sed
1153 3355 1302 3421 nesciunt

302 3463 457 3554 quomodo
472 3463 592 3528 habuit.

533 3963 660 4046 [Lsuus
681 3980 722 4025 os
744 3962 903 4025 w1muu
926 3961 1070 4044 Mutum]

347 4127 529 4194 Willelmus
544 4122 582 4187 de
593 4122 683 4187 Perci
692 4122 826 4186 advocat
839 4143 929 4205 pares
939 4143 1013 4186 suos
1028 4121 1062 4185 in
1071 4122 1301 4206 testimouium,

305 4242 389 4330 quod
407 4241 531 4305 vivente
546 4233 708 4299 Wiilelmo
724 4232 827 4297 Malet
841 4239 874 4297 et
893 4232 1152 4298 vicecomitatum
1176 4239 1303 4303 tenente

305 4355 339 4418 in
355 4350 484 4429 Euruic,
498 4347 560 4412 fuit
574 4346 640 4431 ipse
655 4344 782 4408 saisitus
796 4343 835 4407 de
851 4343 1013 4408 Bodetone
1028 4350 1060 4409 et
1076 4367 1144 4409 eum
1159 4347 1275 4413 tenuit.
