3286 5150
405 658 466 718 228
655 671 787 716 amorra
810 668 1156 714 sueno-uouuausrcs.

404 825 506 908 priore
530 831 563 888 et
592 819 786 906 suppriorul¹
811 823 904 886 Petro
928 827 961 886 et
988 820 1148 906 Stephano
1174 818 1212 884 de
1239 818 1403 896 Furuesia‚

405 935 532 1000 Josleno
553 933 607 1019 qui
629 934 673 997 ibi
695 935 798 998 suerat
820 933 926 1009 abbas,
941 931 1095 996 Ramaldo
1109 929 1148 994 de
1163 929 1266 994 Cham
1280 935 1313 994 et
1335 933 1406 992 toto

405 1044 552 1129 capitulo.

521 1155 588 1222 [The
598 1153 733 1218 following
743 1155 924 1204 confirmation
934 1151 963 1201 oi
973 1153 1019 1202 the
1025 1153 1109 1202 abore
1119 1153 1142 1200 is
1153 1153 1229 1215 given
1238 1149 1291 1215 :-]

451 1247 558 1310 Frater
574 1247 613 1309 A.
630 1245 733 1309 dietus
748 1243 844 1308 abbas
860 1242 1003 1308 Cistercii
1018 1243 1164 1306 omnibus
1178 1240 1343 1305 abbatibus
1365 1238 1407 1302 ad

408 1356 594 1421 cistercium
609 1354 840 1440 pertinentibus
854 1354 998 1419 salutem.
1046 1352 1159 1417 Sciatis
1180 1374 1238 1415 nos
1259 1349 1407 1435 prasenti

408 1475 496 1533 carta
510 1474 616 1531 nostra
632 1467 829 1530 confirmasse
843 1465 951 1528 abbati
966 1471 998 1528 et
1019 1463 1190 1528 couventui
1203 1463 1241 1527 de
1257 1462 1405 1526 Billewas

407 1578 549 1643 abbatias
572 1578 609 1641 de
633 1577 809 1660 Basingueo
834 1583 867 1641 et
896 1575 934 1641 de
964 1575 1121 1640 Duvelina
1151 1574 1235 1639 sicut
1267 1573 1406 1658 primum

407 1689 540 1752 dilectus
563 1687 646 1751 filius
668 1694 774 1751 noster
790 1685 942 1751 Ricardus
956 1686 994 1751 de
1011 1685 1104 1751 Curei
1119 1709 1191 1751 eum
1207 1693 1288 1751 esset
1310 1686 1406 1749 abbas

408 1798 571 1884 Savigneii
592 1805 625 1864 et
647 1807 756 1884 postea
772 1799 957 1863 venerabilis
978 1799 1075 1863 frater
1095 1805 1201 1862 noster
1216 1796 1406 1862 Guillelmus

407 1911 445 1976 de
459 1912 570 1976 Tolosa
585 1912 686 1976 factus
710 1911 806 1975 abbas
828 1910 970 1996 ejusdem
993 1910 1052 1976 loci
1074 1932 1126 1974 eas
1147 1908 1192 1974 eis
1213 1909 1247 1973 in
1267 1908 1406 1994 capitulo

409 2021 573 2106 Savigneii
602 2027 823 2087 concesserunt
852 2028 885 2086 et
913 2020 1009 2085 cartis
1038 2021 1103 2086 suis
1128 2020 1405 2086 confirmaverunt.

407 2132 563 2197 Volumus
582 2132 687 2216 itaque
707 2139 741 2198 et
761 2132 934 2197 statuimus
956 2132 1103 2217 quioquid
1126 2153 1219 2216 super
1239 2132 1311 2206 haeo,
1327 2130 1406 2195 feee-

407 2249 483 2310 runt
505 2251 609 2308 ratum
630 2251 663 2309 et
683 2244 809 2308 firmum
831 2243 938 2308 haberi
960 2244 1200 2328 imperpetuum.
1247 2241 1321 2306 Hiis
1342 2246 1407 2306 tes·

408 2355 493 2420 tibus
517 2355 651 2420 Ricardo
673 2355 786 2420 abbate
809 2355 935 2432 Balbos,
961 2355 1089 2420 Simone
1109 2354 1222 2419 abbate
1235 2354 1274 2418 de
1290 2355 1408 2418 Sancto

407 2465 546 2544 Andrea,
571 2466 701 2530 Galtero
730 2465 843 2530 abbate
873 2465 912 2528 de
937 2465 1037 2544 Neht,
1060 2465 1206 2529 Johanne
1231 2464 1343 2528 abbata
1368 2465 1409 2528 de

408 2579 546 2662 Agnet0,
563 2575 697 2640 Girardo
719 2574 832 2640 abbate
856 2576 894 2642 de
917 2575 1119 2659 Languilers‚
1136 2575 1280 2639 Johaune
1295 2575 1409 2640 abbate

408 2686 447 2751 de
463 2687 630 2766 Joravalle,
646 2687 781 2751 Radulfo
796 2687 909 2751 abbate
924 2686 961 2751 de
977 2685 1137 2750 Chalochi.

443 2798 510 2860 [The
521 2797 655 2861 following
665 2798 751 2848 shows
762 2799 820 2848 that
832 2798 877 2847 the
889 2799 1024 2847 evidenoea
1035 2798 1066 2846 οἰ
1078 2797 1137 2847 title
1148 2811 1217 2846 were
1228 2796 1361 2847 inruished
1372 2797 1408 2860 by

408 2875 554 2938 deposition
571 2891 604 2924 on
621 2875 810 2937 inspectiones
822 2875 908 2934 deeris,
920 2875 1023 2924 instead
1034 2875 1064 2924 os
1079 2875 1115 2938 by
1125 2873 1307 2924 transmission
1318 2875 1348 2924 oi
1363 2876 1408 2924 the

407 2953 524 3003 abactor!
532 2951 585 3016 =-]

454 3043 644 3109 Reverendis
658 3043 794 3109 dominis
809 3050 842 3110 et
856 3045 998 3128 patribus
1014 3045 1066 3112 W.
1083 3045 1190 3111 abbati
1204 3045 1242 3111 de
1258 3045 1408 3111 Cistemio

410 3162 443 3220 et
457 3154 575 3218 ceteris
591 3153 757 3219 abbatibus
779 3155 896 3220 ibidem
912 3157 946 3220 in
964 3155 1087 3240 Spiritu
1103 3159 1219 3222 Sancto
1235 3179 1407 3240 congrega-

410 3267 454 3332 tis
469 3267 522 3332 W.
539 3264 635 3330 abbas
657 3265 696 3330 de
720 3266 842 3330 Cumba
857 3273 890 3331 et
907 3267 960 3332 W.
976 3268 1071 3332 abbas
1094 3267 1132 3332 de
1154 3268 1283 3333 Mirival
1307 3275 1338 3333 et
1354 3269 1408 3334 W.

411 3377 507 3444 abbas
524 3377 564 3441 de
583 3377 693 3442 Stanle
713 3378 847 3442 salutem
871 3385 903 3443 et
926 3402 980 3442 sue
1002 3377 1193 3443 humilitatis
1215 3378 1409 3463 obsequium.

411 3489 464 3553 Ad
500 3488 701 3572 praeoavenda
736 3488 822 3553 varia
855 3488 993 3574 pericula
1026 3510 1086 3572 que
1119 3489 1343 3554 itinerantibus
1377 3499 1411 3554 et

412 3600 547 3664 maxime
577 3599 611 3662 in
637 3599 841 3682 navigatione
866 3604 999 3682 possunt
1024 3599 1207 3682 contingere
1231 3600 1334 3665 visum
1361 3607 1412 3665 est

413 3712 458 3775 H.
474 3709 582 3775 abbati
603 3709 641 3773 de
664 3709 820 3773 Bildewas
844 3717 953 3773 nostra
977 3709 1086 3793 pocius
1109 3710 1292 3776 testimonia
1314 3733 1410 3795 quam

411 3845 468 3886 sua
498 3820 587 3886 vobis
623 3820 839 3884 transmittere
870 3819 1067 3886 munimenta
1096 3843 1190 3904 super
1218 3821 1411 3906 subjectione

411 3933 574 3996 domorum
589 3930 628 3995 de
644 3930 835 4014 Basingvers
850 3938 883 3995 et
897 3929 1029 3995 Dublin.
1073 3929 1140 3996 Nos
1155 3931 1261 4015 itaque
1277 3933 1411 3998 fraterne

410 4039 617 4127 postulacioni
640 4049 781 4106 nostrum
805 4041 991 4126 suffragium
1013 4065 1070 4127 pro
1091 4064 1182 4126 posse
1197 4041 1336 4107 volentes
1351 4043 1410 4104 im·

410 4151 542 4235 pendere
557 4157 722 4235 prenotata
732 4150 900 4235 diligenter
915 4151 1109 4236 inspeximus
1123 4159 1155 4216 et
1170 4152 1300 4216 eandem
1316 4175 1411 4235 quam

410 4261 454 4325 ibi
475 4260 612 4345 legimus
634 4262 767 4326 formam
788 4269 890 4327 vestre
910 4263 1091 4329 discretioni
1117 4262 1240 4348 plenius
1262 4263 1412 4328 adnotare

409 4371 597 4436 curavimus.
643 4373 764 4436 Valete.

874 4482 882 4514 ¹
904 4483 954 4531 sto.
