3286 5142
306 657 368 720 '100
544 677 679 722 anacim
701 677 1053 725 anano-ronuarrum.

367 828 455 879 bosora
471 829 571 879 certain
588 829 696 892 bishops
711 830 763 881 and
781 845 860 895 many
880 832 983 891 borona,
1002 845 1033 881 aa
1055 835 1084 882 to
1102 830 1148 880 tha
1166 845 1258 880 manor-
1275 827 1304 879 of

366 905 509 968 Lesbum,
527 908 572 956 tha
584 922 666 970 quaen
677 909 713 972 by
724 908 772 958 her
782 910 842 958 wn‘t
852 910 980 972 atwsting
990 909 1037 958 tho
1048 907 1124 972 fact]

302 1024 459 1090 Honrnns
482 1025 521 1090 dc
546 1026 708 1092 hundredo
733 1027 883 1092 Peritunc
905 1027 1114 1104 moliebantur
1127 1025 1303 1091 manerium

302 1135 398 1220 hujus
409 1135 554 1217 ecclesias,
562 1137 756 1202 Leuecenore
766 1137 1031 1222 appellatum,suo
1039 1137 1104 1222 juri
1115 1135 1304 1221 mancipare,

303 1246 393 1312 sedis
405 1246 501 1312 abbas
510 1247 545 1312 in
559 1249 688 1313 castello
697 1249 885 1327 Winccstra,
897 1270 1001 1312 coram
1013 1247 1166 1333 episcopis
1176 1247 1303 1330 Rogero

304 1357 539 1437 saresberiensi,
561 1365 594 1423 et
609 1359 748 1424 Roberto
764 1358 990 1438 Lincolniensi,
1009 1364 1042 1423 ct
1065 1358 1199 1424 Ricardo
1215 1359 1304 1422 Lun-

303 1467 459 1548 doniensi,
472 1475 505 1534 et
520 1469 631 1534 multis
646 1469 730 1554 regis
746 1469 925 1549 baronibus,
934 1468 1150 1534 ratiocinando
1166 1467 1305 1533 ostendit

305 1579 567 1644 declamationem
582 1603 689 1645 eorum
704 1579 859 1665 injustam
874 1603 950 1645 esse.
996 1579 1102 1646 Quare
1115 1579 1304 1664 justiciario-

303 1713 374 1753 rum
389 1690 473 1775 regis
487 1690 606 1776 jndicio
620 1689 771 1771 obtinuit,
787 1690 916 1755 utillud
931 1689 1107 1754 manerium
1122 1689 1203 1753 nulli
1214 1687 1305 1753 altari

303 1797 466 1865 hundredo
488 1799 551 1864 nisi
576 1799 701 1886 proprio
725 1800 838 1865 debeat
859 1799 894 1864 in
916 1799 1021 1884 aliquo
1036 1799 1103 1865 fieri
1123 1798 1303 1864 obnoxium.

305 1911 365 1976 Sed
382 1911 455 1996 quia
472 1934 526 1976 rex
546 1917 624 1975 tunc
639 1911 673 1975 in
688 1911 888 1976 Normannia
910 1918 990 1991 erat,
1005 1911 1126 1994 regina,
1141 1933 1209 1994 quae
1227 1917 1305 1974 tunc

300 2045 437 2107 praeseus
451 2023 571 2101 adorat,
587 2023 697 2088 taliter
711 2023 770 2088 hoc
785 2023 891 2106 sigillo
906 2044 963 2086 suo
975 2021 1193 2086 confirmavit:

346 2133 526 2213 Mathildis,
539 2133 666 2218 Angliae
681 2133 802 2218 regina,
819 2132 959 2198 Roberto
974 2133 1118 2217 episcopo
1142 2131 1303 2197 Lincolni·

302 2245 380 2324 ensi,
395 2249 429 2309 et
439 2245 566 2309 Thomae
578 2245 616 2310 dc
627 2245 744 2310 Sancto
756 2246 777 2310 J
778 2247 911 2325 ohanne,
921 2252 954 2311 εὴ
968 2245 1116 2309 omnibus
1124 2244 1305 2324 baronibus,

301 2355 434 2420 Francis
456 2361 488 2420 εὴ
510 2355 636 2440 Anglis,
652 2356 689 2421 de
711 2357 979 2435 Oxenefordscira,
995 2356 1140 2421 salutem.
1189 2356 1305 2420 Sciatis

302 2466 386 2552 quod
413 2465 550 2530 Faribius
580 2466 677 2532 abbas
706 2467 745 2531 de
770 2465 968 2531 Abbendona
1001 2466 1035 2530 in
1068 2464 1156 2530 curia
1184 2465 1304 2529 domini

301 2576 365 2642 mei
404 2583 438 2642 εὴ
477 2600 546 2642 mea
586 2577 670 2661 apud
706 2569 917 2657 Wintoniam,
948 2575 984 2641 in
1015 2577 1185 2656 thesauro,¹
1230 2581 1305 2640 ante

303 2689 463 2773 Rogerum
510 2675 696 2773 episcopum
748 2687 1018 2767 Salcsberiensem,
1054 2691 1088 2752 εὴ
1132 2685 1305 2750 Robertum

301 2799 483 2884 episcopum
525 2798 789 2877 lincolniensem,
823 2805 856 2863 εὴ
894 2797 1087 2863 Richardum
1125 2796 1305 2881 episcopum

304 2909 571 2988 Lundoniensem,
597 2916 630 2973 et
652 2909 861 2974 Willielmum
890 2909 928 2974 dc
959 2909 1102 2988 Curceio,
1133 2912 1166 2973 εὴ
1199 2908 1305 2971 Adam

301 3020 340 3084 dc
372 3019 478 3097 Porto,
503 3023 536 3083 εὴ
560 3017 746 3082 Turstinum
771 3017 980 3103 capellanum,
1002 3023 1035 3083 eb
1059 3017 1238 3082 Walterum
1266 3017 1305 3081 dc

303 3128 508 3210 Gloeccstria,
518 3105 551 3193 et
563 3117 756 3194 Herbsrtum
767 3129 985 3212 camerarium,
998 3133 1032 3193 et
1040 3127 1251 3192 Willielmum
1267 3126 1306 3191 dc

304 3239 417 3318 Oileio,
428 3245 462 3304 et
477 3238 680 3304 Goisfredum
696 3237 797 3303 filium
815 3238 976 3318 Herbcrbi,
992 3244 1025 3304 et
1041 3237 1252 3302 Willielmum
1267 3237 1306 3302 de

302 3350 410 3430 Enesi,
420 3355 453 3416 et
468 3349 641 3415 Radulfum
651 3351 775 3429 Basset,
786 3355 820 3415 εὴ
831 3348 1082 3415 Goisfredumde
1093 3347 1305 3433 Magnavilla,

302 3469 335 3527 et
357 3459 558 3526 Goisfredum
582 3460 686 3542 Ridel,
714 3466 749 3526 et
773 3461 954 3526 Walterum
980 3459 1238 3525 archidiaconum
1266 3457 1305 3522 dc

303 3572 493 3653 Oxeneford,
517 3579 549 3638 et
566 3595 622 3658 per
637 3572 772 3637 Librum
794 3571 833 3637 dc
854 3573 1028 3637 Thesauro¹
1052 3569 1307 3635 disratiocinavit

303 3685 386 3770 quod
403 3686 603 3750 Leuecanora
619 3682 793 3748 manerium
811 3704 903 3746 suum
919 3681 1145 3746 nihilomnino
1161 3680 1255 3745 debet·
1271 3679 1307 3743 in

303 3795 465 3861 hundredo
475 3795 514 3860 de
525 3795 676 3859 Perituna
688 3793 806 3872 facere3
830 3793 883 3857 sed
896 3791 1003 3856 omnia
1014 3815 1082 3876 quae
1091 3791 1185 3856 debet
1196 3791 1307 3868 facere,

303 3905 526 3970 tantummodo
556 3906 590 3969 in
611 3904 772 3969 hundredo
795 3905 996 3969 Leuacanora
1020 3905 1119 3969 facere
1144 3903 1248 3981 debet,
1272 3902 1306 3965 in

304 4039 365 4100 quo
384 4015 547 4081 hundredo
569 4016 666 4081 habet
687 4015 815 4080 ecclesia
836 4015 875 4080 dc
895 4013 1091 4079 Abbendona
1113 4014 1155 4077 X.
1176 4019 1209 4077 et
1224 4012 1306 4075 VII.

302 4125 403 4190 hidas.
448 4126 595 4190 'Pestibus
612 4128 738 4210 Rogero
757 4125 901 4210 episcopo
919 4123 1151 4204 salesberiensi,
1173 4128 1206 4187 εὴ
1224 4122 1307 4185 Wil-

304 4237 410 4303 lielmo
425 4236 463 4301 de
480 4237 584 4316 Curci,
599 4243 631 4302 et
646 4236 749 4301 Adam
765 4237 803 4302 de
819 4237 915 4301 Porto
923 4263 934 4315 5
957 4235 1041 4320 apud
1056 4231 1291 4298 Wincestriam.

369 4401 378 4436 ¹
398 4401 557 4465 Exohcqucr.
592 4401 641 4451 Sec
648 4403 718 4465 port,
731 4415 757 4462 p·
768 4399 824 4450 127.
1055 4399 1064 4430 ¹
1083 4397 1241 4460 Doomsdsy.
