3286 5150
330 637 393 699 220
574 653 708 698 risoris
728 653 1076 700 irem-nonmusios.

329 827 402 871 enm
417 805 564 870 omnibus
578 805 779 891 pertinentiis
801 807 866 872 suis
881 807 1010 893 prefato
1025 805 1215 872 monasterio
1230 805 1330 873 Glou·

329 917 459 996 eesbriae,
475 916 613 1001 capitulo
627 921 734 982 nostro
752 919 833 1003 apud
859 919 1012 985 Sanctum
1028 918 1134 984 David
1149 925 1330 999 convocato,

329 1025 589 1110 adjudicavimus.
634 1029 703 1092 Nos
719 1050 795 1113 ergo
819 1029 900 1093 hono
923 1028 1188 1113 adjudicationem
1211 1051 1331 1093 merno-

328 1137 406 1201 rabis
436 1136 586 1201 fratribus
614 1136 731 1203 factem
760 1138 983 1204 confirmantes
1012 1139 1111 1223 sigilli
1140 1139 1241 1203 nostri
1268 1139 1330 1202 im-

328 1245 485 1333 pressione
499 1248 740 1327 oommunimus,
755 1249 900 1334 ipsosque
914 1255 1084 1315 oonvooelo
1099 1249 1236 1334 cepibrlo
1257 1271 1329 1314 nos-

328 1364 377 1423 tro
392 1358 474 1442 apud
499 1360 651 1423 Sanctum
674 1359 780 1424 David
802 1358 838 1424 in
859 1361 1073 1446 prescriptam
1095 1359 1257 1425 eeclesiam
1280 1359 1330 1424 in·

328 1467 499 1534 sbitnimus.
548 1470 625 1533 Haee
639 1475 745 1534 autem
760 1469 844 1535 foeta
865 1476 941 1535 sunt
955 1493 1038 1536 enno
1053 1471 1092 1535 ab
1109 1470 1330 1536 Inonrnetione

329 1579 460 1645 Domini
475 1578 640 1644 millesimo
655 1579 826 1645 oenlesimo
841 1581 1072 1668 septuagesimo
1087 1580 1208 1667 quinto.
1255 1579 1331 1645 Hiis

328 1689 462 1755 testibus
476 1689 592 1755 Pontio
606 1690 844 1758 orchidinoono.¹

603 2392 734 2481 [Annon
756 2395 882 2461 Roonn.
929 2397 989 2462 117
994 2394 1058 2480 5.]’

437 2553 505 2620 [rho
515 2554 602 2619 rim
613 2556 673 2605 vrri
684 2555 867 2620 mmmmnng
877 2555 923 2605 no
933 2559 1027 2604 retum
1038 2554 1068 2603 or
1076 2551 1220 2618 fugitives]

328 2705 512 2786 Hernicus,
528 2705 589 2771 Dei
603 2706 709 2792 gralia
723 2729 777 2772 rex
792 2706 928 2791 Angliae,
944 2711 976 2771 eb
991 2706 1056 2770 dux
1071 2704 1286 2784 Normnnniae,
1298 2709 1331 2768 et

328 2816 518 2903 Aquitaniae,
540 2824 573 2883 eb
595 2841 695 2883 oomos
717 2818 920 2902 Andegaviee,
935 2816 1082 2902 justiciis,
1097 2815 1331 2882 vioeoomitibus

327 2933 360 2993 eb
382 2929 528 2993 omnibus
558 2928 694 2993 baillivis
719 2927 783 2992 suis
809 2928 946 3013 Angliae,
976 2927 1120 2994 salutem.
1180 2927 1330 3014 Pmoipio

327 3037 416 3103 vobis
431 3039 515 3124 quod
529 3039 616 3122 juste
630 3044 663 3104 eb
685 3039 752 3104 sine
766 3037 915 3103 dilatione
936 3037 1060 3102 fneinbis
1075 3039 1188 3104 bebere
1205 3039 1330 3123 Rogero

327 3148 435 3216 abbati
457 3149 496 3214 de
522 3147 732 3214 Abbendonie
746 3171 853 3216 omnes
873 3147 999 3214 nativos
1021 3155 1053 3213 et
1074 3149 1236 3233 fugativos
1259 3171 1330 3214 snos

328 3283 400 3326 oum
414 3240 535 3325 cabellis
558 3259 633 3339 suis,
649 3259 837 3344 ubicumque
860 3259 984 3325 inventi
1009 3259 1129 3324 fuerint
1154 3259 1189 3324 in
1214 3259 1330 3324 bailliis

327 3371 449 3452 vestris,
469 3371 531 3435 nisi
546 3371 612 3437 sint
626 3371 660 3435 in
675 3370 815 3436 dominio
830 3394 910 3451 meo,
926 3371 979 3457 qni
1005 3371 1159 3458 fugerunt
1184 3372 1224 3436 de
1247 3378 1331 3437 terre

327 3506 384 3548 sue
404 3488 624 3569 postmortem
638 3481 723 3566 regis
740 3481 881 3562 Henrioi,
896 3483 948 3547 avi
971 3483 1051 3562 mei3
1075 3489 1107 3548 eb
1120 3481 1269 3567 prohibeo
1291 3505 1330 3547 ne

328 3595 397 3682 quis
426 3619 478 3661 eos
507 3594 623 3681 injuste
652 3593 800 3674 detineat,
831 3618 922 3679 super
950 3595 1183 3659 forisfacturam
1216 3616 1329 3660 meam.

327 3708 419 3774 Teste
436 3707 606 3772 Humln'do
620 3707 658 3772 de
674 3708 790 3788 Buun5
813 3707 896 3792 apud
912 3705 1107 3772 Oxeneford.

556 3939 565 3972 ¹
583 3936 642 3985 Lsfo
653 3936 817 3997 inoomplete.

555 4009 566 4042 ¹
583 4017 598 4062 2
610 4014 680 4064 Hier.
691 4013 761 4063 Mon.
772 4010 885 4076 Abingd.
897 4011 945 4060 2³5
957 4011 1029 4074 (Res.
1042 4009 1135 4076 Corn).
