3280 5132
709 677 818 722 narina
841 677 864 722 1.
1244 658 1284 722 91

304 854 463 943 [Cnoaon
494 874 534 922 or
570 858 620 921 Sr.
656 855 757 920 Mani
795 875 835 920 oa
864 857 1043 921 Aarrronorr
1074 876 1102 922 o.
1135 855 1189 920 W.
1221 873 1264 918 on

508 969 757 1034 Monrnrronar.
803 971 918 1034 Aaoor
943 967 1069 1052 1106.]ι

281 1102 349 1169 [Tho
365 1103 451 1168 kingfa
466 1104 526 1154 writ
545 1103 674 1168 direoting
691 1105 838 1166 promerion
855 1104 885 1153 of
898 1103 1055 1154 arachnen
1071 1103 1100 1154 of
1117 1103 1157 1154 St.
1168 1103 1245 1168 Mary
1258 1103 1286 1153 in

645 1181 721 1231 landa
732 1185 761 1230 at
772 1181 911 1247 Langley.]

282 1319 465 1400 Hannone,
489 1341 545 1384 rex
576 1318 715 1405 Angliae,
738 1318 792 1385 W.
826 1320 865 1384 de
891 1319 1113 1399 Montefiohet,
1139 1319 1284 1387 salntem.

280 1433 435 1498 Permitte
449 1455 516 1498 ease
531 1432 564 1496 in
578 1455 654 1518 paee
669 1437 786 1497 terram
801 1432 841 1497 de
856 1433 1040 1518 Langeleia,
1054 1455 1151 1520 quam
1174 1435 1286 1518 regina

281 1543 454 1624 Mathilda,
485 1566 565 1609 uxor
594 1565 674 1622 mea,
703 1543 792 1608 dedit
820 1543 856 1607 in
892 1542 1121 1629 eleemosynam
1160 1545 1284 1610 Sanotae

281 1654 393 1719 Mariae
408 1654 446 1719 de
457 1653 676 1733 Abbendonia,
691 1653 774 1718 siout
788 1653 900 1718 melius
915 1675 1068 1740 umquam
1082 1655 1146 1720 fuit
1160 1653 1194 1720 in
1208 1679 1285 1741 paee

280 1769 421 1849 tempore
450 1763 653 1828 antecessoris
682 1763 744 1842 tui,
768 1769 802 1828 et
828 1763 981 1848 quioquid
1009 1763 1082 1829 inde
1108 1788 1201 1851 super
1224 1767 1284 1832 hoo

281 1872 401 1957 cepisti,
417 1872 520 1938 redde.
564 1873 609 1936 Et
623 1871 686 1936 nisi
701 1871 820 1950 feceris,
834 1871 1025 1936 Willielmue
1036 1873 1074 1938 de
1084 1875 1285 1941 Boohelanda

281 1981 377 2047 faeiat
392 1981 470 2061 fieri,
485 2004 525 2047 ne
539 1981 668 2046 audiam
682 1981 757 2046 inde
775 1982 943 2047 clamorem
958 1982 1094 2066 amplius
1108 2006 1165 2068 pro
1184 2008 1284 2070 penu-

280 2093 328 2158 ria
347 2091 425 2157 recti
446 2097 478 2157 et
499 2091 642 2177 justitiae.
688 2093 780 2159 'Peste
804 2092 936 2178 Nigello
962 2093 1000 2158 de
1035 2093 1147 2159 Albini
1154 2119 1165 2174 3
1199 2097 1284 2182 apud

280 2202 511 2286 walingeford.

437 2740 564 2825 [Aaron
586 2739 742 2803 Fanrrros
765 2760 793 2804 o.
817 2739 957 2804 Gonnrc.
1004 2740 1088 2804 1106
1100 2741 1146 2825 ?]²

281 2898 349 2965 [The
370 2899 457 2963 kinffa
474 2899 535 2950 wrio
556 2899 710 2962 ooufirmr'ng
731 2899 790 2948 title
809 2902 838 2948 eo
855 2899 931 2950 lande
950 2903 980 2950 ao
999 2900 1144 2963 Winkfleld,
1164 2901 1217 2952 and
1237 2917 1281 2952 en·

573 2977 677 3042 joining
688 2993 704 3027 a
715 2978 769 3027 anit
780 2977 816 3042 by
829 2977 947 3044 noerio]

279 3103 464 3182 Hnrrnrons,
492 3125 547 3168 rex
581 3102 719 3188 Angliae,
746 3103 880 3187 Hugoni
918 3103 957 3169 de
998 3105 1209 3186 Boohelanda,
1249 3113 1283 3173 ei

279 3215 424 3296 Godrioo,
440 3220 473 3280 et
487 3213 657 3280 baronibus
672 3212 710 3278 de
726 3214 936 3294 Berohesoira,
956 3215 1083 3280 Francis
1105 3223 1138 3281 et
1152 3217 1280 3301 Anglie,

277 3327 422 3391 salutem.
468 3325 550 3390 Volo
565 3331 599 3390 ei
619 3324 765 3409 praecipio
780 3331 817 3390 ut
832 3325 961 3390 ecelesia
976 3327 1099 3390 Sanctae
1114 3327 1228 3392 Mariae
1243 3328 1282 3392 de

278 3437 475 3501 Abbendona
489 3436 603 3500 habeat
618 3440 651 3499 ei
665 3441 773 3500 teneat
789 3441 904 3499 terram
920 3459 1009 3500 auam
1020 3435 1058 3500 de
1067 3437 1281 3516 Winkefelda‚

278 3568 350 3611 ounr
365 3547 512 3611 omnibus
534 3545 595 3609 eibi
610 3545 852 3628 pertinentibus,
869 3545 915 3609 ita
930 3545 1019 3625 bene,
1044 3552 1077 3610 et
1100 3547 1279 3626 honorifice,

278 3663 312 3722 ei
330 3657 364 3720 in
379 3655 469 3720 firma
483 3677 569 3740 paee,
584 3655 667 3719 siout
680 3654 793 3719 melius
807 3678 876 3719 eam
892 3655 997 3719 tenuit
1018 3662 1158 3740 tempore
1179 3657 1281 3741 patris

278 3765 351 3845 mei,
380 3771 413 3830 ei
441 3765 549 3829 fratria
579 3764 650 3828 mei.
695 3764 740 3828 Er
769 3763 913 3848 praecipio
940 3770 977 3827 ut
1002 3765 1159 3829 calumnia
1182 3788 1279 3852 quam

280 3875 435 3941 Godrioua
459 3874 643 3959 prepositus
662 3871 700 3939 de
715 3872 931 3939 Windresorea
958 3896 1051 3958 super
1071 3897 1141 3940 eam
1161 3881 1278 3942 terram

277 3987 383 4068 faeiat,
392 3987 430 4051 de
439 3985 521 4062 haia,
533 3984 663 4049 omnino
678 3989 710 4048 et
720 3983 944 4068 perpetualiter
959 3991 1130 4050 remaneat.
1175 3987 1278 4052 Teati-

276 4099 336 4164 bus
348 4099 473 4181 Rogero
488 4094 605 4180 Bigod,
616 4100 649 4160 et
662 4093 848 4159 Grimbaldo
863 4093 1004 4174 medioo;
1020 4095 1103 4180 apud
1117 4097 1277 4164 Norbam·

276 4216 396 4275 ronam.

370 4367 377 4401 ¹
395 4367 493 4418 affini.
506 4367 576 4417 Mon.
588 4363 701 4430 Abingd.
713 4361 746 4418 77
758 4365 831 4426 (Boo.
844 4363 936 4424 Comi.
1078 4367 1089 4400 ²
1107 4366 1194 4418 1b.87.
