3298 5162
677 637 821 682 mcunnn
844 635 868 680 1.
1225 610 1286 674 231

285 791 451 868 militibus,
468 790 583 856 comite
607 788 754 860 Alberico
778 794 811 853 ct
834 785 944 852 multis
966 784 1037 850 aliis
1059 783 1288 861 assistentibus,

285 901 370 965 dixit
379 928 390 981 3
415 901 499 987 quod
520 899 631 964 ballivi
652 900 702 964 sui
724 899 866 964 fecerunt
887 897 916 962 ei
931 895 1116 982 intelligere,
1132 894 1215 980 quod
1230 893 1291 978 ipsi

285 1012 429 1077 solebant
443 1011 609 1100 annuatim
631 1011 769 1094 accipere
790 1010 831 1073 ad
852 1030 929 1093 opus
951 1029 1044 1071 suum
1060 1007 1102 1072 V.
1119 1005 1233 1071 solidos
1252 1004 1291 1068 de

287 1122 450 1186 hundredo
472 1128 505 1187 et
522 1120 649 1185 ballivis
670 1118 836 1199 hundredi,
851 1124 885 1183 et
902 1140 987 1182 nunc
1009 1116 1223 1182 detinerentur
1242 1114 1291 1178 in·

288 1233 392 1317 juste3
413 1238 446 1296 et
458 1230 627 1315 allegabat,
637 1230 719 1315 quod
730 1229 957 1314 predecessores
967 1227 1016 1291 sui
1027 1227 1155 1292 fuerunt
1163 1223 1292 1302 feodati,

288 1342 328 1406 ed
357 1342 538 1426 capcionem
561 1341 690 1426 Anglie,
719 1340 757 1405 de
790 1345 874 1404 terra
899 1337 1012 1403 Alfrici
1034 1337 1094 1403 filii
1118 1335 1291 1412 Withsri5¹

288 1453 343 1538 qui
366 1453 525 1538 quondam
552 1453 655 1516 luerat
680 1450 826 1515 dominus
855 1448 939 1513 illins
976 1447 1139 1512 hundredi.
1185 1445 1293 1511 Abbcs

290 1586 363 1630 vcro
387 1562 447 1626 sibi
470 1561 643 1640 considens,
663 1582 721 1625 nec
745 1561 783 1625 dc
805 1558 875 1624 loco
899 1581 1091 1634 semovens,
1113 1557 1292 1642 respondit:

290 1679 310 1709 ‘¹
324 1673 445 1736 Mirum
469 1671 606 1749 videtur,
637 1669 763 1734 domine
793 1691 905 1744 comes,
933 1668 1016 1753 quod
1047 1667 1143 1732 dicis!
1176 1666 1294 1732 deficit.

293 1783 364 1846 Rex
386 1781 578 1846 AEdwardus
602 1779 691 1844 dedit
717 1780 835 1843 Sancto
860 1778 1046 1842 AEdmundo
1072 1784 1105 1842 et
1124 1783 1211 1841 carta
1239 1799 1296 1840 sua

290 1889 490 1955 confirmavit
504 1892 589 1953 hunc
603 1889 802 1953 hundredum
824 1888 960 1972 integre,
976 1893 1009 1953 et
1031 1887 1068 1952 de
1084 1887 1146 1951 illis
1163 1888 1203 1952 V.
1220 1887 1293 1951 soli·

292 1999 341 2064 dis
361 1999 448 2062 nulla
472 1998 509 2063 fit
533 1997 578 2061 ibi
600 1997 731 2062 mencio.
787 1997 965 2062 Dicendum
989 2005 1036 2062 est
1062 1996 1133 2076 tibi,
1154 2019 1210 2081 pro
1233 2019 1295 2081 quo

293 2108 432 2188 servicio,
460 2107 508 2172 vel
532 2131 594 2194 qua
620 2107 739 2172 ratione
763 2107 865 2192 exigis
894 2107 963 2172 illos
985 2107 1027 2172 V.
1051 2108 1198 2172 solidos.”
1252 2109 1297 2173 m

294 2242 406 2299 comes,
418 2218 527 2283 habito
536 2216 665 2283 consilio
680 2240 818 2297 suorum,
831 2217 991 2302 respondit
1005 2241 1037 2283 se
1049 2218 1158 2282 debere
1173 2224 1297 2302 portare

295 2328 445 2394 vexillum
459 2329 568 2392 Sancti
579 2327 757 2392 AEdmundi
769 2327 801 2391 in
811 2328 961 2408 exercitu,
974 2335 1005 2393 et
1020 2329 1059 2393 ob
1076 2329 1156 2393 hanc
1172 2351 1297 2393 causam

295 2440 365 2504 illos
376 2441 418 2505 V.
428 2438 543 2504 solidos
557 2437 617 2501 sibi
632 2437 748 2502 deberi.
793 2440 837 2502 Et
851 2438 1012 2524 respondit
1026 2438 1140 2504 abbas:
1164 2445 1184 2474 “
1195 2439 1298 2519 Certe,

296 2549 469 2635 inglorium
483 2572 548 2614 esse
558 2549 682 2614 videtur
698 2549 724 2611 si
734 2555 842 2612 tentus
857 2549 915 2629 vir,
927 2555 1037 2634 utpote
1052 2573 1154 2615 comes
1170 2550 1299 2615 Claren-

298 2661 351 2739 sis,
366 2665 433 2723 tam
448 2681 579 2743 parvum
595 2658 713 2722 donum
733 2682 788 2743 pro
804 2658 861 2724 tali
876 2661 1005 2725 servicio
1021 2661 1168 2746 recipiat:
1192 2662 1300 2727 abbati

298 2777 404 2835 eutem
426 2769 534 2834 Sancti
557 2768 734 2832 AEdmundi
772 2792 904 2853 parvum
941 2793 1112 2857 gravamen
1143 2778 1193 2838 est
1227 2775 1301 2839 dare

301 2883 343 2947 V.
366 2879 490 2944 solidos,
535 2879 647 2943 Comes
674 2881 714 2943 R.
749 2880 844 2963 bigot
881 2905 912 2946 se
949 2881 1112 2947 saisiatum
1147 2892 1246 2965 tenet,
1270 2893 1303 2950 et

301 2990 465 3055 saisiatum
493 3013 525 3054 se
563 2991 673 3054 asserit
702 2991 803 3054 officio
833 2993 979 3075 portandi
1009 2993 1159 3058 vexillum
1196 2997 1304 3062 Sancti

302 3100 491 3178 AEdmundi,
510 3099 565 3184 qui
585 3100 662 3164 illud
685 3101 823 3184 portavit
841 3104 967 3186 quando
990 3128 1092 3170 comcs
1111 3105 1306 3176 Lelreoestrie

301 3212 364 3276 fuit
389 3218 499 3294 captus
529 3216 561 3273 et
595 3209 796 3274 Flondrenscs
829 3212 990 3277 destructi.
1035 3215 1171 3280 Thomas
1208 3220 1305 3284 eciam

301 3322 341 3386 de
370 3321 547 3385 Mendham
576 3319 654 3383 dicit
693 3321 751 3384 hoo
789 3343 853 3385 esse
877 3323 931 3404 jus
968 3345 1070 3389 suum.
1116 3326 1198 3390 Cum
1234 3354 1306 3396 vero

304 3429 542 3495 dirationaveris
563 3452 669 3493 versus
687 3451 738 3492 eos
752 3430 811 3493 boc
830 3453 895 3495 esse
909 3432 962 3515 jus
979 3439 1079 3512 tuum,
1094 3457 1153 3519 ego
1173 3437 1307 3504 libenter

306 3542 348 3604 V.
394 3540 517 3618 solidoS,
558 3561 635 3622 quos
676 3539 790 3622 queris,
829 3541 1036 3623 persolvam.”
1081 3545 1192 3610 Comes
1236 3571 1307 3613 vero

308 3647 476 3734 rospondit,
492 3670 525 3712 se
540 3671 604 3712 esse
619 3646 795 3711 locuturum
813 3647 884 3712 inde
900 3672 971 3713 cum
988 3652 1101 3718 comite
1118 3656 1156 3720 R.
1173 3665 1308 3741 cognato

308 3782 375 3837 suc,
389 3765 422 3824 et
436 3757 481 3823 sio
498 3781 545 3822 res
561 3757 645 3841 cepit
661 3756 849 3821 dilacionem
864 3781 962 3842 usqne
977 3761 1081 3827 hodie.

621 3938 628 3971 ¹
648 3937 660 3983 1
674 3933 830 3997 Doomsdoy,
841 3934 890 3984 389
901 3935 925 3992 b,
937 3937 995 3986 300.
