3286 5150
344 607 408 670 264
585 626 719 671 cincius
739 627 1084 675 suono-uonnsuurcs.

350 801 487 884 [Munus
502 820 541 866 or
556 803 751 868 Burnonwns
773 827 801 870 c.
823 805 905 870 Mnu
927 825 966 871 on
983 808 1125 871 Suunrrr
1140 825 1180 870 on
1196 806 1343 892 Sanor.]¹

348 937 415 998 [The
431 937 519 1001 king’s
534 939 596 987 wrlt
614 937 735 1003 ordering
752 940 797 989 the
808 941 900 989 shen'ff
907 941 959 990 and
970 942 1066 992 bailiffs
1078 941 1108 990 of
1116 941 1195 1004 Salop
1207 947 1235 991 to
1246 943 1347 1006 compsl

455 1015 523 1064 their
533 1031 593 1065 men
604 1021 632 1065 to
644 1021 744 1066 restore
756 1017 801 1067 the
812 1034 904 1068 manor
915 1020 946 1068 ol'
954 1020 983 1067 L.
994 1024 1023 1068 bo
1033 1020 1079 1069 the
1090 1018 1238 1084 plaintiffs]

351 1129 396 1193 H.
426 1152 480 1194 rex
508 1130 637 1214 Angliae
660 1135 693 1196 et
714 1132 779 1196 dux
802 1131 1008 1198 Normanniae
1040 1139 1074 1197 et
1102 1133 1285 1218 Aquitaniae
1315 1139 1347 1199 ct

348 1261 450 1304 comes
470 1241 663 1325 Andegaviae
686 1242 864 1307 vicecomiti
879 1249 913 1308 et
927 1243 1065 1308 baillivis
1080 1243 1146 1307 suis
1161 1244 1199 1308 de
1219 1243 1346 1328 Salope·

348 1349 411 1434 sira
431 1349 575 1413 salutem.
608 1349 759 1434 Praecipio
779 1351 868 1416 vobis
898 1353 981 1437 quod
1004 1353 1176 1440 justicietis
1205 1354 1348 1420 homines

351 1461 405 1544 qui
435 1467 512 1524 sunt
542 1461 575 1524 in
604 1460 735 1525 baillivo
765 1468 879 1544 vestra,
910 1463 992 1546 quod
1022 1463 1083 1548 ipsi
1106 1465 1193 1548 juste
1221 1471 1255 1529 et
1282 1464 1350 1529 siue

356 1572 508 1636 dilatione
533 1571 667 1635 reddant
690 1573 852 1638 monachis
876 1574 914 1640 de
928 1574 1086 1639 Bildewas
1101 1575 1350 1642 Lecheshambre

351 1682 434 1766 quod
455 1681 609 1746 Ricardus
625 1683 787 1767 episcopus
802 1684 1038 1750 coventriensis
1053 1685 1098 1750 eis
1112 1685 1201 1750 dedit
1216 1693 1248 1751 et
1263 1693 1350 1751 cartu

351 1817 408 1858 sua
437 1792 636 1857 confirmavit
665 1793 747 1858 sicut
776 1794 902 1859 reddere
931 1794 1074 1860 solebant
1103 1802 1242 1880 tempore
1268 1798 1352 1882 regis

354 1902 486 1968 chrici
510 1903 562 1966 avi
577 1902 667 2008 mei.⁸
693 1904 786 1969 Teste
803 1905 957 1970 Gaulrido
977 1905 1195 1972 archidiacono
1209 1908 1350 1972 Cantus-

353 2013 459 2080 riensi.
505 2012 603 2098 Apud
619 2013 758 2080 hichesf.

725 2711 978 2781 CONCORDS.

391 2859 525 2942 [Pnrnrr
547 2878 587 2923 or
611 2858 811 2924 Marrasnou
834 2884 861 2924 c.
878 2862 992 2923 Annon
1011 2859 1159 2922 Hannrrr.
1207 2853 1341 2941 1158.]²

356 3004 477 3066 Scrsur
504 3007 671 3086 praesentes
700 3009 732 3066 et
763 3003 872 3078 futuri,
898 3000 982 3084 quod
1007 3001 1129 3085 loquela
1156 3022 1224 3082 quoe
1253 2998 1356 3064 fuerat
1468 3017 1472 3030 ’

231 3157 233 3163 ι
356 3112 438 3175 inter
456 3111 659 3175 Hamehnum
674 3111 819 3175 abbatem
842 3109 1045 3175 Gloucestriae
1064 3115 1097 3174 et
1110 3109 1293 3193 Philippum
1317 3108 1356 3173 de

358 3219 560 3285 Mattesdone
590 3242 681 3306 super
705 3229 790 3286 terra
813 3221 851 3286 de
875 3219 1047 3286 Burisendc
1070 3219 1232 3305 utriusque
1256 3219 1357 3302 partis

356 3355 484 3396 assensu
497 3330 589 3396 finita
605 3338 653 3397 est
667 3332 700 3395 in
716 3332 799 3397 hunc
814 3331 955 3410 modum,
970 3332 1052 3416 quod
1068 3330 1242 3415 Philippus,
1252 3353 1308 3414 pro
1324 3351 1358 3394 so

357 3452 390 3508 et
419 3444 484 3508 suis
513 3443 695 3523 haeredibus,
721 3442 828 3508 decem
854 3465 940 3508 acras
969 3448 1059 3507 terrae
1088 3443 1122 3506 in
1152 3441 1275 3506 cultura
1290 3463 1358 3526 quae

358 3555 474 3619 dicitur
499 3554 721 3639 Wydebosme,
737 3559 770 3618 et
796 3553 874 3618 duas
900 3575 987 3618 acras
1014 3552 1096 3637 prati
1113 3551 1146 3615 in
1174 3550 1358 3629 Suthmsde,

357 3671 519 3749 totamque
548 3664 669 3729 dimisit
705 3665 935 3748 inperpetuum,
966 3669 998 3728 et
1034 3664 1173 3747 quietam
1210 3661 1360 3727 clamavit

358 3799 452 3860 quam
469 3775 615 3840 adversus
630 3774 791 3839 ecclesiam
808 3774 1009 3839 Gloucestriae
1024 3772 1215 3839 calumniam
1230 3772 1268 3838 de
1290 3773 1360 3850 hac,

358 3895 391 3952 et
410 3888 448 3952 de
462 3887 532 3951 aliis
546 3886 782 3970 quibuscunque
804 3885 896 3950 rebus
915 3885 1077 3949 habuerat.
1122 3882 1231 3947 Abbus
1253 3888 1359 3946 autem

358 4003 391 4060 ct
414 4001 587 4061 conventus
614 3994 765 4079 reliquum
790 4001 913 4079 partam
939 3995 1037 4078 ipsius
1060 4001 1160 4072 terrae,
1175 4015 1270 4077 quum
1286 3996 1360 4056 ante

361 4105 525 4189 Philippus
539 4105 606 4169 sine
621 4103 759 4188 ipsorum
772 4105 966 4169 concessione
978 4110 1131 4182 tenuerat,
1143 4107 1360 4167 concesserunt

553 4277 560 4308 ¹
580 4277 595 4325 5
607 4277 777 4335 Monastioon‚
790 4279 839 4325 358
852 4277 943 4338 (1846).

548 4355 559 4388 ²
576 4356 592 4402 2
604 4355 697 4402 chron.
710 4355 779 4403 Mon.
792 4353 881 4404 Glouo.
895 4355 943 4403 180
955 4355 1027 4416 (Rau.
1041 4353 1135 4417 Com).
