3280 5132
660 652 798 696 wlturar!
824 653 845 697 Ι.

481 850 608 934 [Laruas
630 871 670 916 or
693 854 851 918 Wmamu
875 853 1023 942 Maura]

294 985 343 1049 De
358 986 438 1051 VII.
454 988 607 1053 carucatis
633 995 723 1054 tcrrae
746 990 779 1054 iu
807 990 892 1055 Ncrt
916 992 1030 1056 Dufclt
1056 1016 1133 1078 quas
1157 994 1252 1059 habet

251 1093 361 1178 Nigcl,
390 1096 502 1161 dicunt
538 1098 633 1164 fuisse
666 1100 812 1164 saisitum
839 1102 1038 1166 Willelmum
1077 1104 1189 1183 Madet,
1220 1113 1254 1170 et

250 1204 395 1270 habuisse
419 1212 535 1272 terram
560 1214 594 1273 ct
623 1211 788 1274 servitium
818 1210 916 1308 donsc
942 1213 1077 1278 fractum
1108 1221 1156 1278 est
1186 1239 1251 1280 cas-

251 1315 371 1381 tellum.

544 1719 629 1802 [Tau
654 1719 746 1784 Kisa
770 1743 795 1782 υ.
821 1717 956 1800 Niara]

293 1877 382 1942 Duas
411 1884 573 1943 carucatas
599 1902 680 1964 quas
709 1880 806 1944 habet
831 1879 931 1963 Nigel
962 1878 996 1942 in
1028 1878 1096 1942 Sud
1127 1878 1249 1957 Dufclt,

249 1987 361 2052 dicunt
373 1989 530 2072 pertinere
552 1990 637 2074 regis
658 1990 798 2054 dominio
819 1990 852 2053 iu
875 1988 1054 2054 Poclinton.
1102 1988 1251 2073 Rcliquas

250 2101 323 2163 vero
346 2100 409 2166 VI.
439 2105 604 2165 carucatas
640 2100 757 2164 ibidem
794 2099 906 2163 habuit
933 2099 1114 2163 Willelmus
1148 2098 1251 2164 Malct

250 2209 399 2293 quamdiu
423 2210 529 2275 tenuit
551 2209 716 2275 castellum
741 2210 779 2274 dc
803 2209 931 2288 Eutaia,
957 2215 991 2274 ct
1015 2209 1159 2274 homines
1187 2231 1248 2274 ser-

250 2319 366 2385 vitium
381 2320 553 2386 reddebant
568 2319 605 2386 ei.

481 2846 609 2932 [Larus
631 2865 671 2910 oa
695 2847 852 2911 Wrmrsu
877 2847 1022 2930 Marcu]

292 3009 367 3074 'Ibcs
399 3013 550 3073 carucatas
581 3013 663 3074 terre
695 3007 729 3072 iu
757 3007 857 3086 clius,
882 3015 915 3073 et
943 3014 1022 3074 tres·
1036 3013 1188 3073 carucata
1215 3008 1249 3072 iu

247 3119 434 3206 Anagotcbi,
450 3118 549 3203 Nigel
568 3141 619 3184 eas
649 3122 748 3197 tenet,
771 3118 826 3183 scd
847 3118 959 3184 dicunt
981 3117 1036 3202 qui
1061 3118 1249 3201 juraverunt

246 3230 321 3317 quia
343 3229 523 3295 Willelmus
549 3229 652 3295 Malet
673 3228 787 3293 habuit
808 3230 889 3294 hauc
911 3234 1029 3295 terram
1049 3227 1084 3291 iu
1098 3228 1249 3310 dominio,

246 3342 399 3429 quamdiu
413 3342 447 3406 in
462 3341 659 3406 Euruicscire
674 3345 792 3406 tauram
807 3339 913 3406 tenuit
932 3341 1011 3426 [assa
1026 3338 1212 3424 Willelmi].

483 3871 611 3957 [haras
633 3891 672 3935 or
694 3871 854 3936 Wraurarr
878 3871 1023 3956 Maura]

288 4031 402 4096 ‘rotam
416 4038 532 4097 terram
554 4034 699 4097 Norman
713 4031 772 4097 filii
787 4032 1000 4099 Malcolumbe
1021 4054 1117 4122 quam
1132 4035 1247 4104 habuit

244 4141 279 4206 in
316 4143 499 4229 Estrcding‚
537 4149 675 4210 testatur
711 4144 815 4210 amuis
852 4145 1022 4210 comitatus
1047 4145 1246 4214 Willelmum

243 4253 349 4318 Malct
362 4255 499 4322 tenuisse
515 4255 549 4321 iu
570 4279 628 4322 suo
653 4255 804 4336 dominio,
820 4256 972 4342 quamdiu
992 4255 1026 4320 in
1049 4257 1247 4326 Eundcscirc

245 4369 362 4429 terram
378 4369 489 4434 tcauit.
