3286 5150
696 704 804 750 unsar
829 705 866 752 11.
1228 688 1290 751 253

441 856 569 941 [Asson
591 875 656 920 nun
680 857 803 922 Morus
825 875 865 920 or
886 857 1149 942 Gnoncnsrnn.]¹

317 987 384 1052 [The
394 989 481 1054 hing's
492 991 553 1041 writ
563 989 693 1052 direoting
703 994 808 1055 respeot
821 991 863 1040 lor
870 991 915 1040 the
926 991 1042 1041 liberties
1054 991 1082 1040 of
1094 990 1266 1056 Gloneester.]

287 1091 480 1172 Hnrrmcos,²
491 1116 543 1158 rex
553 1092 688 1176 Angliae,
698 1099 731 1158 et
741 1093 1018 1158 duxNormanniae
1027 1099 1058 1157 et
1068 1093 1286 1179 Aquitenniae,

284 1211 317 1267 et
336 1227 438 1268 eomes
464 1203 668 1289 Andegaviae,
684 1204 830 1269 omnibus
851 1203 1063 1288 burgensibus
1081 1211 1114 1270 et
1135 1205 1288 1271 ministris

284 1313 349 1378 suis
381 1314 595 1394 Glouoestriae,
626 1314 770 1380 salutem.
831 1313 980 1398 Praecipio
1010 1315 1093 1400 quod
1129 1316 1226 1381 abbas
1256 1325 1288 1383 et

284 1425 430 1490 monaehi
447 1425 650 1491 Glouoestriae
672 1425 809 1491 habeant
823 1424 905 1490 infra
921 1425 1057 1510 burgum
1075 1425 1288 1508 Glouoestriae,

284 1541 317 1600 et
343 1543 443 1614 extra,
458 1559 566 1601 omues
591 1535 759 1614 libertates,
785 1543 817 1600 et
841 1534 953 1600 liberas
980 1537 1230 1617 eonsuetudines,
1255 1545 1287 1603 et

283 1649 475 1730 quietantias
491 1669 573 1726 suas,
589 1647 634 1710 ita
650 1646 728 1710 bene
742 1651 774 1711 et
790 1646 822 1709 in
839 1668 924 1729 paee,
940 1653 973 1711 et
994 1647 1089 1712 libere
1104 1655 1137 1712 et
1152 1648 1287 1732 integre,

282 1766 315 1823 et
326 1759 423 1842 juste,
439 1758 521 1823 siout
535 1780 587 1822 eas
603 1780 741 1841 unquam
763 1757 876 1822 melius
892 1763 925 1822 et
939 1757 1067 1822 liberius
1082 1764 1116 1822 et
1130 1757 1287 1843 integrius

283 1869 459 1934 habuerunt
482 1875 622 1952 tempore
647 1867 730 1952 regis
757 1867 889 1932 Henrioi
914 1868 966 1932 avi
990 1868 1061 1933 mei.
1108 1869 1201 1935 Quod
1224 1871 1285 1935 nisi

282 1978 427 2058 feceritis,
442 1977 567 2063 justitia
589 1999 659 2042 mee
677 1977 771 2042 faeiat
791 1977 868 2043 fieri.
892 1979 983 2044 'Peste
998 1978 1145 2044 Mansero
1163 1980 1283 2061 Biseth,

281 2089 439 2174 dapifer03
463 2088 545 2174 apud
560 2087 740 2153 Fufoeham.

434 2453 560 2538 [Aaron
581 2473 649 2518 aun
672 2453 794 2518 Mouas
816 2472 856 2518 or
879 2452 1138 2539 Gnouonsrrn.]³

281 2587 348 2652 [The
365 2589 452 2654 king's
470 2590 532 2638 writ
550 2589 679 2652 direoting
698 2589 844 2652 protection
864 2588 894 2637 ol
908 2588 953 2638 the
972 2589 1052 2638 ebbot
1074 2589 1125 2638 end
1143 2589 1235 2639 monlm
1255 2587 1285 2638 ol

495 2667 648 2716 Glonoester
659 2667 685 2713 in
698 2665 743 2714 the
755 2680 801 2716 use
812 2666 842 2714 ol
850 2681 866 2714 a
877 2665 1071 2731 antemnae]

282 2767 466 2847 Hermum,
481 2789 536 2832 rex
552 2766 687 2850 Angliae,
710 2772 744 2831 εδ
768 2767 833 2831 dux
858 2768 1065 2832 Normanniae
1088 2775 1121 2833 εδ
1146 2769 1280 2853 Aquita-

280 2879 350 2957 niae,
366 2885 399 2944 et
412 2901 515 2944 comes
530 2877 734 2962 Andegaviae,
748 2877 986 2944 vicecomitibus
1001 2885 1034 2944 et
1050 2879 1233 2964 praepositis,
1248 2886 1281 2946 et

278 2989 414 3069 ballivis,
429 2996 462 3055 et
477 2987 658 3053 hominibus
673 2988 712 3055 de
728 2989 934 3068 Glouoestria,
949 2990 1093 3056 salutem.
1132 2991 1280 3076 Praeoipio

277 3102 361 3186 quod
372 3099 469 3165 abbas
483 3107 516 3165 et
531 3101 675 3166 monaehi
690 3101 729 3166 de
745 3100 941 3166 Gloueestria
952 3101 1090 3168 habeant
1104 3109 1136 3168 εδ
1150 3107 1281 3168 teneant

277 3233 391 3296 aquam
406 3233 474 3296 quae
489 3211 588 3276 ourrit
602 3233 658 3295 per
671 3211 829 3276 abbatiam
846 3234 946 3291 suam,
957 3211 1036 3278 bene
1050 3219 1084 3278 εδ
1097 3211 1131 3276 in
1146 3236 1231 3296 pace,
1247 3222 1280 3278 et

276 3322 363 3405 juste
378 3330 411 3386 εδ
427 3321 562 3405 integre,
574 3321 658 3386 siout
672 3321 852 3386 habuerunt
867 3321 979 3386 melius
994 3330 1133 3408 tempore
1147 3323 1279 3389 Henrioi

277 3431 371 3515 regis,
388 3431 439 3495 avi
455 3431 527 3495 mei.
573 3431 618 3495 llt
641 3429 789 3514 prohibeo
815 3432 948 3514 nequis
971 3433 1128 3498 disturbet
1152 3455 1278 3498 cursum

276 3541 360 3606 illius
375 3564 473 3626 aquae,
487 3540 609 3606 desiout
624 3540 684 3605 ivit
704 3546 844 3626 tempore
861 3541 993 3606 Henriei
1018 3542 1111 3626 regis,
1128 3544 1180 3607 ari
1206 3543 1278 3624 mei,

275 3675 368 3736 super
382 3653 424 3717 X.
439 3651 528 3716 libris
544 3650 754 3716 forisfacturae.
798 3651 901 3718 Teste.
952 3651 1020 3736 [No
1035 3653 1151 3737 name]

309 3777 346 3844 [Δ
356 3779 417 3828 vrit
428 3783 457 3828 to
468 3779 513 3828 the
525 3792 597 3829 same
608 3777 685 3828 ell'eot
692 3777 792 3827 follows
801 3778 836 3842 by
845 3778 909 3841 king
917 3778 1040 3842 Stephon.
1073 3778 1128 3828 'l'he
1136 3779 1276 3844 following,

276 3856 332 3905 also
343 3857 379 3920 by
391 3857 482 3920 Henry
494 3856 539 3916 Π.Ι
551 3870 636 3905 seems
648 3859 676 3904 to
686 3855 769 3905 relate
780 3859 809 3904 to
820 3855 945 3905 thesemo
956 3859 1131 3906 watmoourse
1141 3856 1193 3920 r—-]

320 3957 493 4023 Henrious⁴
508 3979 561 4021 rex
579 3955 706 4039 Angliae
730 3960 763 4020 et
788 3954 853 4019 dux
868 3955 1073 4021 Normanniae
1088 3963 1121 4022 et
1141 3956 1274 4041 Aquita·

308 4095 315 4130 ¹
333 4096 348 4143 1
360 4093 453 4143 Ohmn.
466 4093 536 4142 Mon.
549 4091 638 4141 Glouo.
650 4091 699 4140 154
712 4091 787 4156 (Reo-
798 4089 891 4156 Gom).

308 4173 317 4202 ²
334 4170 513 4220 lllnmination
524 4169 554 4219 ol
562 4170 647 4218 initiel
659 4169 745 4230 letter,
757 4169 937 4234 representing
948 4169 994 4220 the
1004 4170 1069 4233 king
1076 4183 1111 4218 on
1121 4167 1162 4219 his
1173 4169 1275 4232 throne,

272 4248 324 4296 aud
336 4263 352 4296 a
366 4249 443 4297 monk
453 4245 582 4309 ,kneeling
593 4245 681 4296 before
699 4247 753 4296 him
773 4246 825 4295 and
842 4247 973 4309 reoeiving
991 4245 1036 4296 the
1055 4246 1124 4295 vrit.
1159 4245 1227 4296 Note
1238 4247 1275 4312 by

272 4326 398 4375 editores
406 4324 478 4374 Rolls
486 4324 526 4374 od.

307 4399 318 4434 ³
337 4405 349 4452 l
363 4403 456 4452 Ohron.
468 4402 537 4452 Mon.
551 4401 641 4451 Glouo.
655 4401 703 4452 154
716 4400 790 4466 (Rec.
803 4397 897 4464 Com).
1093 4399 1104 4434 ⁴
1124 4401 1163 4450 Ib.
1176 4401 1231 4452 155.
