3286 5142
678 631 832 678 assensa.
1191 611 1249 673 161

254 775 390 860 legatus,
404 782 550 846 omnibus
574 783 685 847 matris
710 783 843 848 eeclesia
872 782 955 860 filiis,
971 782 1011 848 ad
1037 804 1115 867 quos
1140 781 1253 844 littera

253 886 321 951 iste
346 893 554 974 pervenerint,
569 894 713 959 salutem.
759 893 818 958 Rei
843 899 941 978 geste
965 892 1115 957 memoria
1137 891 1252 956 litteris

253 999 380 1082 provide
389 1001 610 1082 committitur,
619 1025 659 1067 ne
669 1002 741 1066 lites
755 1001 849 1066 semel
857 1003 965 1087 sopitae
974 1003 1007 1066 in
1018 1003 1125 1066 futuro
1136 1001 1251 1066 iterum

253 1107 477 1176 instaurentur.
523 1111 658 1178 Proinde
680 1112 880 1176 universitati
895 1117 1004 1178 vestrae
1018 1135 1074 1198 per
1086 1111 1252 1196 presentia

252 1221 369 1305 scripta
397 1227 510 1287 notum
545 1245 610 1288 esse
646 1223 800 1303 volumus,
830 1223 914 1307 quod
949 1223 1033 1288 inter
1068 1222 1251 1287 Ascelinum

254 1331 420 1396 Rofensem
434 1334 623 1419 episcopum,
638 1339 670 1398 et
691 1333 832 1420 ejusdem
845 1333 906 1398 loci
927 1334 1104 1412 monachos,
1119 1332 1251 1398 ecclesie

251 1441 368 1507 sedicet
379 1444 463 1509 beati
474 1445 617 1523 Andreae,
633 1467 726 1530 super
737 1445 809 1528 jure
823 1444 1032 1509 maneriorum
1041 1443 1251 1509 Lambetham

252 1557 285 1616 et
301 1553 521 1636 Hendenham,
536 1556 747 1621 controversia
760 1555 940 1638 hujusmodi
956 1561 1026 1620 orta
1034 1560 1091 1619 cst.
1123 1557 1250 1620 Assera·

251 1661 330 1728 bant
344 1665 485 1749 praedicti
500 1667 655 1744 monachi,
665 1671 837 1730 memorata
851 1664 989 1729 maneria
1003 1664 1063 1728 sibi
1079 1665 1119 1730 ad
1129 1665 1249 1730 victum

251 1774 413 1857 proprium
437 1798 456 1839 a
479 1797 553 1860 rege
575 1773 755 1862 Anglorum
771 1773 934 1838 Willelmo
956 1774 1091 1860 juniore,
1106 1780 1139 1839 et
1154 1776 1250 1839 Lam·

251 1883 358 1947 franco
379 1884 439 1968 pie
467 1885 689 1949 recordationis
713 1883 933 1949 cantuariensi
955 1884 1194 1969 archiepiscopo,
1217 1892 1250 1949 et

254 1993 694 2080 GundulfoRofensiepiscopo
699 1993 1076 2058 concesserationabiliter
1084 1995 1249 2074 etdonata,
1261 2005 1264 2012 ’

251 2109 284 2167 et
305 2102 345 2168 ad
367 2105 508 2188 ejusdem
529 2103 573 2169 rei
594 2104 818 2172 evidentiorem
840 2103 1066 2190 probationem,
1081 2105 1249 2170 eorundem

250 2219 352 2278 cartas
367 2219 399 2278 et
413 2214 663 2280 confirmationes
677 2220 710 2279 et
731 2214 930 2300 sequentium
944 2237 1056 2300 regum
1070 2214 1248 2301 Anglorum

253 2323 384 2390 Henrici
398 2330 431 2389 et
447 2325 611 2408 Stephani,
625 2331 658 2390 et
673 2324 816 2390 Anselmi
831 2326 1064 2390 cantuariensis
1083 2327 1249 2411 archiepis-

251 2434 320 2519 copi
335 2435 369 2499 in
384 2434 524 2499 medium
537 2435 743 2521 proferebant.
788 2437 908 2501 Contra
925 2458 993 2520 quae
1015 2458 1087 2500 cum
1102 2437 1250 2521 praefatus

251 2545 415 2610 Ascelinus
426 2546 569 2611 Rofensis
578 2546 739 2632 episcopus
749 2544 847 2610 nichil
855 2547 992 2625 firmum,
1002 2545 1099 2610 nichil
1110 2547 1250 2611 validum

251 2656 457 2740 responderet,
473 2679 529 2722 nec
543 2679 575 2721 se
590 2657 623 2721 in
638 2656 819 2742 praetaxatis
833 2656 979 2723 maneriis
989 2657 1043 2739 jus
1058 2657 1168 2721 habere
1178 2679 1249 2741 pro-

251 2767 324 2832 bare
347 2775 460 2853 posset,
485 2768 694 2836 assidentibus
718 2768 808 2832 nobis
837 2766 1065 2836 venerabilibus
1090 2767 1249 2844 fratribus,

251 2878 405 2943 'Peobaldo
427 2879 647 2944 cantuariensi
662 2878 900 2962 archiepiscopo,
911 2877 1070 2946 Rodberto
1086 2879 1249 2945 Imndoni·

252 2987 1250 3069 ensi,HenricoWintoniensi,AlexaudroLinconiensi,Ibrardo

252 3101 471 3178 Noruuioensi,
479 3100 599 3165 Sisredo
610 3097 795 3164 cicestrensi
806 3098 967 3184 episcopis,
975 3097 1128 3164 caufrido
1140 3098 1250 3163 Sancti

252 3209 380 3290 Albani,
405 3211 555 3276 Gervasio
579 3210 864 3289 westmonasterii,
889 3210 982 3274 Petro
1015 3208 1251 3274 Soireburnensi

252 3321 429 3400 abhatibus,
452 3325 485 3385 et
510 3319 664 3403 magistro
692 3319 826 3397 Hilario,
847 3325 880 3383 et
903 3317 973 3383 aliis
991 3341 1088 3403 quam
1108 3319 1251 3403 pluribus

253 3430 406 3514 religiosis
438 3430 587 3514 personis,
621 3431 688 3514 ipsa
718 3429 867 3506 maneria,
897 3450 969 3496 cum
1005 3429 1151 3496 omnibus
1187 3430 1252 3494 suis

253 3540 453 3624 appenditiis,
482 3539 654 3604 secundum
678 3541 762 3626 quod
791 3544 885 3606 cartae
913 3539 1093 3604 donationis
1122 3545 1154 3603 et
1178 3562 1251 3605 con·

253 3649 440 3715 firmationis
454 3649 667 3729 continebant,
683 3649 758 3738 ipsis
773 3649 933 3716 monachis
948 3649 1209 3735 adjudicavimus,
1218 3656 1252 3715 et

253 3761 336 3845 ipsos
349 3781 535 3843 possessores
558 3759 788 3832 constituimus,
804 3758 874 3842 ipso
896 3781 1003 3823 eorum
1018 3759 1160 3844 episcopo
1180 3783 1251 3844 pro-

253 3871 412 3946 mittente,
427 3869 509 3956 quod
529 3869 672 3952 deinceps
692 3868 759 3933 sine
780 3867 946 3933 vexatione
965 3873 997 3934 et
1020 3869 1252 3954 inquietatione

253 3982 421 4050 monaches
435 3981 518 4046 bona
537 3994 570 4046 et
591 3978 796 4064 possessiones
817 4001 889 4044 suas
910 3979 1023 4044 habere
1044 3979 1252 4064 permitteret,

252 4099 285 4158 et
300 4115 407 4176 pacem
422 4092 465 4157 eis
480 4097 626 4172 servaret,
640 4090 724 4176 qnod
738 4095 771 4155 et
780 4090 840 4175 ipsi
855 4091 987 4155 firmiter
1001 4090 1162 4156 observare
1175 4115 1252 4178 prae-

253 4203 401 4288 oepimnS,
424 4203 465 4267 ad
486 4204 577 4289 cujus
600 4201 644 4266 rei
666 4207 892 4286 argumentum
914 4203 998 4287 ipsos
1020 4203 1189 4268 monachos
1218 4206 1251 4269 in

253 4313 358 4377 osculo
371 4314 456 4398 pacis
480 4314 605 4398 recepit.
650 4311 719 4376 Nos
744 4313 851 4396 itaque
874 4313 1093 4398 pmdictorum
1117 4317 1251 4380 fratrum

1099 4443 1122 4486 u
