3298 5162
340 631 402 692 298
750 651 922 698 arranem.

584 804 763 874 [liouaoeae
783 821 821 860 or
840 805 920 862 Earn
939 805 1093 878 Enarnea]

372 895 451 952 Hanc
464 901 561 952 terram
575 899 616 968 [in
632 899 792 970 Horemede]
807 903 895 955 tenuit
907 901 1040 956 Wluuard
1053 902 1133 957 homo
1144 904 1244 974 Asgari
1256 905 1341 960 ateiri.

338 984 417 1038 Hunc
430 985 573 1040 reclamant
586 986 704 1042 hominen
725 987 863 1043 Eustachii
881 990 994 1054 comitia,
1008 989 1040 1045 de
1052 1009 1106 1062 qua
1125 991 1234 1047 fuerunt
1255 992 1342 1048 oaieiti

337 1072 768 1146 pcr11.annoapoatquamipee
789 1095 876 1130 eomes
897 1077 931 1132 ad
952 1077 1023 1133 buno
1044 1079 1171 1133 honorem
1197 1079 1280 1144 venit,
1306 1085 1337 1135 ut

338 1159 458 1214 homiues
471 1161 503 1214 de
516 1159 632 1216 hundret
644 1166 785 1218 testantur.
822 1164 864 1218 Ib.
879 1165 930 1219 138
944 1164 969 1218 1).

617 1425 656 1494 [Α
675 1425 818 1480 Souania
832 1445 856 1480 v.
871 1426 936 1481 'l'nn
957 1426 1062 1497 limo]

372 1533 451 1587 lianc
462 1538 560 1587 terram
574 1533 616 1602 [in
629 1533 806 1604 Steterehele]
829 1535 945 1605 eumpait
959 1535 1054 1590 Petrus
1075 1535 1217 1589 vicecomes
1239 1535 1270 1589 de
1289 1535 1340 1589 iate

335 1620 514 1675 sochomanno
532 1621 602 1692 regin
616 1621 743 1676 Willelmi
757 1621 785 1676 in
796 1641 877 1676 manu
890 1621 1009 1694 ejusdem
1022 1623 1101 1693 regia,
1114 1641 1162 1694 pro
1174 1623 1341 1677 forisfactura

335 1708 367 1762 de
379 1708 452 1778 gildo
465 1707 535 1778 regie
548 1726 575 1761 ee
588 1725 640 1762 non
654 1709 839 1764 reddidissent
854 1708 975 1764 hominen
987 1709 1029 1764 aui
1039 1709 1139 1764 dicunt.
1159 1708 1211 1763 Sed
1220 1709 1340 1764 homines

334 1795 366 1851 de
384 1795 452 1850 scira
473 1815 526 1849 non
546 1799 655 1866 portant
673 1796 820 1852 vicecomiti
839 1797 1034 1860 testimonium,
1046 1797 1109 1868 quia
1130 1815 1233 1869 semper
1251 1798 1341 1868 quieta

334 1883 386 1937 suit
394 1883 425 1938 de
433 1883 506 1954 gildo
513 1887 542 1938 et
550 1883 583 1938 de
590 1882 649 1937 aliie
658 1903 722 1956 erga
729 1903 827 1955 regem,
840 1884 968 1956 quamdiu
981 1884 1078 1948 tenuit,
1089 1889 1204 1940 testante
1217 1885 1340 1941 hundret.

334 1970 376 2026 lb.
391 1973 451 2026 141.

409 2199 507 2269 [Earn
525 2201 609 2256 Amr
623 2219 647 2254 c.
662 2199 823 2255 Haanvm.
863 2199 1009 2254 Vononen
1027 2213 1062 2252 no
1081 2197 1256 2267 wiennae]

371 2312 411 2366 De
423 2312 472 2366 bac
484 2313 562 2384 virga
575 2313 617 2382 [in
631 2312 812 2381 Bembedene]
827 2311 952 2366 reclamat
964 2309 1068 2364 Alauna
1081 2327 1168 2364 comes
1181 2309 1237 2362 Ili.
1251 2313 1339 2380 partes

332 2417 361 2455 ae
374 2399 469 2454 babere
477 2400 552 2470 juste
561 2401 663 2456 debere.
699 2401 771 2456 Nam
785 2401 846 2454 inde
858 2403 915 2454 erat
927 2397 1036 2453 saisitus
1049 2397 1154 2468 qnando
1162 2415 1234 2451 mare
1245 2415 1339 2468 nuper·

332 2487 399 2541 rime
410 2487 544 2552 transivit,
558 2491 589 2543 nt
601 2487 722 2543 homines
741 2488 774 2542 de
794 2485 915 2540 hundred
938 2483 988 2539 eibi
1010 2487 1121 2555 portant
1145 2483 1339 2539 testimoninm.

332 2573 383 2628 Sed
406 2575 565 2629 Hardninun
587 2576 715 2630 reclamat
737 2576 847 2630 Petrum
869 2572 1048 2628 vicecomitem
1068 2571 1102 2625 ed
1120 2575 1293 2641 protectorem
1312 2576 1340 2626 et

331 2660 498 2715 liberatorem
507 2680 519 2733 J
524 2681 587 2717 uaau
596 2663 712 2736 episcopi
722 2661 882 2725 Baioceneis,
891 2659 961 2732 quod
971 2659 994 2714 ei
1005 2657 1130 2713 liberavit
1138 2677 1186 2729 pro
1196 2657 1339 2714 excambio.

333 2748 374 2803 Ib.
390 2750 438 2802 141
453 2748 481 2804 b.

634 2979 730 3049 [Rana
749 2979 899 3034 Wrnnmn.
936 2977 1044 3046 Wnrn]

367 3073 499 3128 Homines
521 3074 553 3130 de
573 3074 703 3128 comitatu
725 3075 848 3145 inquisiti
874 3074 1000 3128 dixerunt
1022 3091 1050 3127 ne
1074 3089 1214 3142 nunquam
1241 3069 1339 3125 vidisse

331 3160 437 3214 brevem
447 3161 517 3232 regia
530 3159 575 3231 qui
586 3161 654 3214 hano
667 3165 765 3216 terram
778 3161 820 3230 [in
834 3161 947 3230 Eetone]
961 3160 1059 3214 diceret
1071 3157 1163 3214 dutum
1176 3175 1232 3212 esse
1245 3155 1338 3212 comiti

331 3248 475 3303 Wiileimo.
512 3247 554 3303 Ib.
571 3250 630 3304 164.

637 3489 778 3557 [Canace
797 3505 833 3543 012
853 3487 896 3542 Sn.
916 3487 1028 3558 Mina]

366 3589 426 3644 Hoc
439 3588 587 3643 manerium
600 3587 723 3658 [Comei]
738 3586 946 3657 calumpniatum
969 3590 1010 3640 eet
1028 3583 1062 3639 ad
1076 3581 1219 3639 eeclesiam
1234 3580 1338 3634 Sanctae

331 3675 423 3732 Mariae
437 3675 469 3730 de
481 3674 634 3739 Abendone,
647 3675 692 3729 aed
705 3675 791 3729 omnia
800 3673 942 3728 comitatus
952 3673 1109 3728 testificatus
1121 3673 1163 3725 est
1176 3665 1337 3738 Stigandum

328 3763 552 3835 archiepiscopum
564 3762 599 3816 X.
613 3761 689 3817 annia
702 3762 819 3818 tenuisse
831 3760 938 3816 vivente
951 3759 1083 3816 Eduardo
1095 3777 1163 3830 rege.
1202 3754 1244 3810 lb.
1259 3757 1319 3810 169.

452 4009 566 4080 [aanor
586 4008 721 4062 Waunan.
758 4006 857 4062 banos
875 4023 911 4062 ar
929 4005 1204 4076 Bnnmnewonrn]

364 4123 543 4196 Ipeaeccleeia
552 4121 713 4191 [Eveaham]
727 4123 801 4175 tenet
813 4120 887 4174 1111.
901 4119 1018 4174 hidaaad
1028 4118 1214 4190 Beningwrde‚
1224 4117 1337 4190 atquin·

327 4217 383 4270 tum
401 4211 493 4264 hidam
505 4213 579 4264 tenet
593 4209 678 4273 Urso;
698 4207 746 4262 hae
758 4207 792 4262 V.
806 4207 882 4262 hidas
895 4207 1091 4263 diratiocinavit
1100 4206 1244 4262 Walteriua
1254 4205 1336 4260 abbae

326 4301 360 4357 ad
374 4297 539 4367 ildebergam
550 4296 578 4349 in
591 4295 665 4350 1111.
681 4295 726 4364 [V.
736 4295 761 4365 P]
775 4295 849 4350 sciria
858 4313 946 4350 coram
959 4295 1078 4367 episeopo
1088 4294 1226 4351 Baiecenei
1239 4291 1335 4348 etaliie

327 4385 470 4444 baronibus
483 4382 564 4454 regia.
601 4382 645 4438 Ib.
660 4384 710 4440 175
724 4383 748 4438 b.
786 4383 836 4438 See
848 4389 920 4448 unte,
933 4401 958 4454 p.
972 4383 1016 4439 20.
