3298 5162
710 653 881 698 neeunurx.
1233 633 1295 696 309

292 821 393 859 enswer
413 803 436 858 is
455 804 534 876 given
554 804 611 859 him
631 803 666 875 by
678 804 724 860 tbe
736 805 895 877 erehbishep
907 806 938 861 of
947 805 1020 860 York
1034 806 1094 861 ibet
1106 804 1139 860 be
1153 809 1224 860 must
1236 805 1296 858 first

291 889 394 945 submit
406 894 435 946 to
447 891 510 946 trial
529 909 600 963 upon
619 890 667 946 tbe
685 892 778 964 uppeul
797 892 828 947 of
836 892 883 947 the
895 891 971 964 king.
1008 892 1066 947 The
1077 892 1173 963 bishop
1184 891 1294 955 refuses,

290 977 343 1031 und
361 978 508 1050 interposes
530 979 573 1034 bis
592 977 696 1034 cleriosl
715 979 792 1034 order
810 997 840 1033 us
858 998 875 1034 e
896 979 1043 1051 protectiou
1056 977 1164 1050 against
1176 978 1222 1032 the
1234 997 1293 1048 pro·

289 1065 421 1136 eeediugs,
433 1065 483 1121 but
494 1065 653 1136 srebbishop
666 1065 799 1120 Inufruuc
810 1065 905 1138 replies
915 1069 935 1135 ι]
956 1071 972 1095 “
982 1066 1009 1120 N
1010 1084 1038 1121 os
1051 1085 1104 1120 non
1117 1065 1149 1120 de
1161 1064 1292 1136 episcopio

291 1151 337 1205 sed
349 1152 381 1207 de
393 1157 440 1208 tuo
450 1157 477 1209 te
490 1153 549 1208 fedo
557 1153 722 1225 judicemus,
735 1156 763 1208 et
774 1152 824 1208 hoc
835 1152 915 1208 modo
928 1153 1109 1225 judicavimus
1122 1152 1293 1207 Baiooeusern

289 1239 440 1311 episcopum
457 1244 518 1296 ente
540 1244 642 1313 petrem
663 1240 745 1312 hujus
765 1240 836 1312 regis
849 1240 882 1295 de
893 1240 954 1296 fedo
966 1240 1032 1304 ιιιο,ι
1050 1258 1098 1296 uec
1118 1258 1163 1295 rex
1182 1238 1294 1294 vocabat

284 1345 358 1390 eum,
377 1327 528 1399 episcopum
547 1328 576 1384 iu
595 1326 692 1400 placito
703 1327 758 1392 illo,
770 1329 817 1383 sed
829 1328 937 1384 fratrem
951 1331 979 1382 et
990 1326 1140 1384 couritem.''
1176 1325 1214 1381 ut
1225 1325 1293 1398 epis·

289 1430 370 1484 oopus
394 1413 440 1478 uit,
459 1414 601 1469 “Domine
621 1414 821 1486 archiepiscope,
843 1433 892 1486 ege
914 1415 1014 1470 nullum
1045 1415 1093 1470 feci
1117 1413 1196 1468 hodie
1218 1432 1291 1468 men·

289 1498 390 1555 tionem
409 1499 451 1555 v'el
470 1501 559 1556 sedum
580 1501 676 1557 hebere
695 1521 738 1556 me
750 1502 814 1566 dixi,
827 1501 873 1556 sed
886 1502 918 1557 de
930 1501 1056 1574 episcopii
1069 1501 1121 1556 mei
1134 1500 1291 1556 dissuisioue

288 1593 447 1660 conquestus
469 1609 527 1644 sum
551 1594 577 1645 et
598 1590 769 1662 conqueror,”
788 1595 816 1645 et
833 1590 1053 1661 archiepiscopus,
1074 1589 1126 1643 “Si
1141 1607 1291 1660 nunquam,

289 1675 385 1746 inquit,
405 1676 511 1730 sudium
532 1680 559 1731 te
580 1675 653 1748 loqui
674 1677 707 1731 de
734 1676 800 1739 sedo,
820 1675 874 1731 scio
895 1681 921 1732 te
943 1681 1031 1732 tamen
1052 1695 1180 1748 magnum
1202 1675 1292 1730 sedum

288 1761 419 1826 babuisse,
440 1767 467 1817 et
488 1762 548 1817 inde
570 1768 597 1817 te
615 1763 821 1833 judicavimus.”
858 1764 926 1832 [The
947 1762 1042 1833 bishop
1060 1781 1119 1817 new
1138 1761 1235 1832 alleges
1257 1781 1291 1815 sn

287 1849 380 1919 appeul
399 1853 428 1903 to
450 1849 495 1904 the
516 1850 604 1920 pope]
641 1851 762 1921 Cumque
786 1850 923 1922 episcopus
944 1849 1113 1920 egrederetur
1137 1853 1165 1904 et
1183 1855 1291 1904 vocatus

287 1935 478 2006 regrederetur,
491 1937 575 2008 Hugo
585 1938 617 1992 de
626 1935 810 1992 Bello-Monte
817 1956 927 2009 surgens
938 1937 1006 1992 dixit
1015 1937 1143 2009 episcopo,
1151 1934 1290 1990 “Domine

288 2023 415 2094 episcope,
428 2024 498 2094 regis
510 2024 584 2080 euris
596 2027 623 2080 et
635 2024 746 2080 barones
757 2024 802 2078 isti
816 2024 891 2079 vobis
903 2044 950 2096 pru
957 2023 1034 2096 justo
1041 2023 1173 2096 judicant,
1185 2024 1291 2095 quando

288 2109 338 2164 sibi
346 2129 393 2165 vos
403 2111 558 2182 respondere
568 2130 619 2166 non
634 2111 716 2166 vultis
724 2113 757 2166 de
769 2112 822 2166 hiis
834 2112 866 2166 de
874 2112 970 2183 quibus
978 2131 1024 2166 voe
1031 2130 1078 2183 per
1087 2130 1129 2166 me
1138 2110 1291 2182 appellavit,

288 2197 333 2252 sed
350 2198 383 2253 de
401 2198 499 2269 placito
512 2219 559 2254 suo
573 2200 694 2256 invitetis
707 2218 767 2254 eum
782 2201 903 2262 Remum,
916 2199 986 2271 quod
998 2218 1044 2255 vos
1063 2198 1153 2254 fedum
1171 2203 1289 2254 vestrum

286 2284 348 2340 iude
360 2285 511 2341 forisfecitis
521 2285 544 2351 ;’'
557 2291 584 2341 et
596 2286 732 2357 episcopus
745 2287 887 2358 respondit,
902 2293 916 2316 ‘⁸
929 2286 960 2340 Iu
975 2286 1049 2342 omni
1062 2285 1118 2340 loco
1130 2286 1159 2340 in
1172 2305 1223 2358 quo
1236 2306 1289 2342 nen

286 2370 413 2426 violentis
430 2372 475 2427 sed
490 2373 601 2444 justicie
619 2373 779 2438 dominetur,
797 2373 829 2427 de
849 2373 943 2428 scelere
956 2378 982 2428 et
995 2373 1110 2444 perjurio
1123 2391 1165 2427 me
1177 2391 1291 2445 purgare

286 2465 395 2528 paratus
414 2477 482 2524 sum,
502 2464 529 2514 st
554 2459 603 2514 hoe
626 2460 698 2532 quod
722 2460 765 2514 hie
788 2478 837 2531 pro
856 2460 958 2530 judicio
982 2460 1097 2514 recitasti
1117 2459 1145 2513 iu
1170 2459 1291 2514 Romana

286 2544 394 2600 ecclesie
412 2545 509 2600 fulsum
528 2550 556 2601 et
575 2546 676 2618 injuste
693 2547 794 2602 dictum
808 2565 864 2601 esse
876 2545 1055 2601 monstrnbo.”
1095 2551 1110 2576 ‘⁶
1121 2543 1190 2616 Ego,
1202 2545 1290 2616 inquit

288 2631 379 2702 Hugo,
392 2636 420 2687 et
431 2651 565 2704 compares
575 2634 627 2688 mei
638 2634 723 2704 parati
736 2652 829 2688 sumus
837 2632 969 2705 judicium
981 2637 1102 2686 nostrum
1116 2631 1144 2686 in
1157 2631 1207 2688 hae
1218 2634 1291 2690 curia

286 2719 465 2774 confirmare.''

322 2807 380 2860 'Phe
398 2807 547 2862 remeiuder
565 2807 595 2863 oi
609 2807 656 2862 the
668 2826 726 2862 ease
738 2808 760 2862 is
772 2807 874 2879 mainly
887 2807 969 2862 taken
983 2825 1019 2878 up
1032 2806 1098 2861 with
1111 2825 1198 2878 sugry
1210 2808 1290 2862 elter-

287 2893 389 2947 catious
409 2893 527 2948 between
546 2894 593 2948 the
613 2893 681 2965 king
699 2894 753 2948 and
773 2893 820 2949 the
838 2898 914 2948 court
931 2912 965 2947 on
979 2893 1025 2948 the
1037 2911 1088 2948 one
1100 2891 1165 2956 side,
1178 2892 1230 2947 sud
1242 2893 1289 2949 the

286 2978 380 3051 bishop
401 2998 435 3034 ou
455 2981 501 3035 the
520 2981 605 3045 other,
628 2980 788 3051 coueerning
808 2980 854 3034 the
875 2979 951 3050 right
973 2979 1003 3034 of
1015 2979 1061 3034 the
1080 2977 1161 3033 letter
1173 2981 1202 3034 to
1214 2998 1248 3051 go
1262 2985 1288 3035 tu

287 3067 388 3131 Rome;
406 3067 563 3138 permission
577 3066 670 3137 finally
682 3065 763 3138 being
775 3066 896 3138 granted.

768 3363 805 3425 E.

311 3502 439 3559 MINOR
458 3503 582 3560 WRITS
601 3504 649 3561 01⁴¹
668 3504 846 3560 WILLIAM
867 3506 899 3570 I.,
918 3503 1094 3560 WILLIAM
1116 3503 1165 3566 11,
1182 3500 1263 3554 AND

698 3599 832 3654 HENRY
852 3601 875 3655 1.

339 3735 755 3805 [B1snoe1tsnuurv.Anrn
775 3753 813 3792 nn
833 3737 940 3792 Penei.
978 3736 1070 3790 Tene.
1091 3733 1228 3802 Wu.1.]²

590 3848 657 3918 [The
670 3848 759 3920 kiug's
772 3848 833 3902 writ
844 3847 875 3902 of
883 3847 986 3916 neiein]

321 3956 472 4013 Willelmus
494 3977 538 4013 rex
563 3951 669 4030 Auglie,
692 3958 795 4012 Thomu
816 3957 1017 4028 archispiscopo,
1042 3961 1069 4010 et
1093 3955 1232 4010 Bertramo
1255 3953 1288 4008 de

285 4044 400 4110 Verdon,
425 4049 451 4100 et
476 4045 620 4101 baronibus
646 4045 702 4099 suis
727 4043 837 4104 Francis
861 4048 889 4098 et
913 4043 1010 4113 Anglis
1040 4042 1072 4097 de
1101 4039 1288 4097 Fivsrwicseire

285 4131 408 4188 sulutem.
446 4133 541 4188 Sciatis
562 4151 603 4186 rue
628 4131 772 4187 reddidisse
797 4130 941 4202 Rsuulpho
965 4129 1086 4202 episcopo
1112 4126 1287 4183 Duuelmeusi

360 4356 367 4386 ¹
394 4357 477 4418 Arete,
489 4375 514 4426 p.
529 4358 588 4410 292.
754 4352 983 4417 ²1Mouusticou,
996 4353 1046 4407 241
1065 4351 1115 4419 (ed.
1128 4353 1218 4416 1846).
