3298 5162
679 650 848 696 sersaoni.
1202 625 1263 687 3⁰3

262 805 398 870 forisfecit,
415 810 442 862 et
459 809 500 861 est
521 805 553 860 de
573 823 633 860 soca
652 803 684 859 de
703 804 849 866 Caeretana,
862 799 940 855 modo
958 817 1019 854 eum
1038 801 1112 852 tenet
1130 797 1268 853 Godrirns.

262 892 314 947 sed
327 892 455 948 Taraldns
468 893 547 947 homo
559 891 688 946 Willclmi
706 891 739 945 de
752 890 880 944 Warrens
892 905 954 942 eum
973 885 1078 940 saisivit
1090 903 1167 954 super
1179 902 1269 954 regem

262 987 289 1033 et
302 981 390 1036 tenuit
402 999 448 1052 per
461 985 514 1035 tres
526 997 619 1042 annos,
632 979 710 1032 modo
723 975 904 1030 derationatua
917 978 958 1027 est
970 991 1049 1043 super
1061 989 1130 1034 cnm,
1143 977 1170 1024 et
1182 970 1267 1024 reddit

263 1066 396 1120 'turaldus
417 1068 450 1120 V.
471 1066 569 1120 solidos
582 1065 614 1119 dc
634 1063 728 1118 catullo
753 1063 824 1134 regis
848 1065 875 1116 et
899 1060 974 1114 dedit
995 1059 1088 1112 eadem
1108 1058 1141 1112 dc
1162 1056 1271 1128 justitia

263 1154 391 1210 sarienda.
429 1154 469 1209 lb.
485 1155 545 1208 133.

324 1409 440 1478 [Bonan
459 1427 482 1465 v.
503 1408 601 1463 Anus
616 1423 654 1462 nn
672 1407 702 1461 Τ.
740 1406 825 1460 Warr
844 1419 882 1458 on
900 1402 1016 1457 ersar
1034 1417 1071 1456 or
1090 1397 1215 1468 Surena]

302 1520 370 1574 llals
389 1520 477 1576 tenuit
495 1520 615 1584 Alastou,
640 1519 747 1574 tcinnus
766 1515 878 1571 Heroldi
904 1519 1022 1586 temporo
1041 1512 1111 1584 regis
1136 1509 1269 1574 Fdwardi,

265 1609 289 1662 I.
302 1614 423 1662 carucata
436 1615 521 1672 terrm,
534 1613 561 1662 ct
574 1609 631 1661 XL.
645 1626 721 1660 acran.
736 1647 742 1660 .
761 1646 768 1660 .
787 1645 793 1658 .
811 1604 865 1657 Hic
878 1602 1021 1657 Alestnuus
1034 1601 1229 1655 commendavit
1242 1617 1269 1654 ee

265 1695 370 1749 Alwino
388 1696 420 1750 de
432 1696 553 1758 ‘tedford
567 1701 684 1765 tempore
697 1693 767 1764 regis
780 1690 918 1754 Willelmi,
931 1695 958 1744 ct
977 1709 1008 1743 ex
1023 1689 1073 1743 hoc
1092 1693 1149 1743 crat
1161 1688 1269 1742 saisitus

264 1781 370 1851 quando
389 1800 432 1834 rex
445 1781 598 1836 Willelmua
611 1783 685 1835 dedit
703 1781 809 1848 Rogero
820 1783 918 1832 terram
932 1775 1012 1838 illius,
1025 1774 1071 1828 sed
1083 1774 1205 1828 hundred
1217 1793 1269 1827 nou

264 1869 332 1922 vidit
346 1869 451 1921 brevem
464 1867 506 1921 vel
519 1868 687 1923 liberatorem
700 1866 770 1939 quod
783 1865 859 1920 daret
871 1863 979 1918 Alviuo.
1016 1859 1057 1916 lb.
1072 1863 1121 1915 181
1137 1859 1162 1915 b.

480 2175 485 2182 ,
575 2108 703 2178 [Gonnrc
722 2128 747 2163 o.
767 2109 871 2164 Roasn
890 2109 970 2180 Sua]

301 2210 335 2264 In
359 2212 547 2284 Hethingham
567 2213 590 2268 1.
604 2212 671 2267 liber
689 2213 768 2266 homo
788 2213 889 2276 Bondo,
902 2213 989 2267 XXX.
1009 2233 1075 2267 acras
1094 2217 1171 2276 terre,
1191 2231 1270 2284 quem

265 2299 339 2352 tenet
361 2299 482 2370 lisgerus
508 2299 560 2353 sad
580 2300 688 2354 feudum
716 2298 868 2364 Ulchetelli,
887 2300 934 2354 sed
952 2300 1007 2371 ipsc
1028 2301 1150 2354 Ulnhetel
1176 2301 1272 2354 hahuit

265 2383 403 2440 dimidiam
422 2386 676 2441 commendationem
695 2386 727 2440 dc
746 2386 800 2449 illo,
819 2391 937 2458 temporo
956 2388 1027 2456 regis
1048 2386 1173 2441 Edwardi
1192 2387 1270 2442 etde

266 2488 346 2526 uxore
371 2471 454 2542 ipsius
478 2475 563 2527 totam
587 2473 853 2537 commendationem,
878 2478 905 2528 ct
929 2473 1059 2528 Godricua
1084 2473 1187 2544 dapifer
1209 2493 1270 2528 eum

266 2557 462 2629 calumpniatur
473 2559 542 2630 quod
555 2578 615 2613 eum
628 2559 716 2614 tenuit
728 2561 834 2630 quaudo
849 2559 979 2614 liudulfus
992 2579 1079 2615 comes
1092 2561 1228 2626 forisfecit,
1242 2569 1269 2618 et

267 2644 383 2700 hundret
402 2650 518 2701 testatur
540 2646 612 2718 qnod
629 2646 762 2702 serviebat
781 2647 896 2703 Godrioo
920 2649 967 2704 scd
991 2649 1111 2704 nesciunt
1133 2650 1271 2720 quomodo.

268 2731 309 2786 lb.
323 2735 374 2787 182
388 2732 413 2788 b.

557 2918 685 2988 [Arrana
702 2936 726 2972 v.
749 2918 851 2973 ltoenn
870 2918 987 2989 amos]

303 3029 386 3084 Medo
402 3031 475 3084 tenet
495 3029 615 3100 Rogatus
634 3030 717 3101 Bigot
729 3030 767 3100 [1.
781 3029 894 3084 liberum
913 3030 1049 3085 hominem
1062 3029 1169 3085 nomine
1182 3029 1271 3100 Gert],

267 3120 296 3169 et
308 3120 412 3171 revocat
423 3116 458 3170 ad
474 3115 586 3170 feudum
605 3137 714 3171 suorum
728 3117 871 3172 liberorum
883 3137 914 3171 ex
928 3117 997 3172 dono
1010 3117 1087 3186 regis,
1100 3121 1128 3172 et
1146 3118 1274 3172 Aiturdns

268 3201 425 3258 contradicit
438 3203 554 3257 hundret
571 3204 618 3275 qui
637 3204 685 3258 hoc
703 3209 818 3258 testatur
839 3204 886 3259 sed
903 3204 1060 3259 Mciuardus
1079 3203 1194 3259 affirmat
1211 3224 1272 3260 cum

269 3287 412 3343 hundreto.
449 3287 596 3344 1b.185b.

650 3469 767 3539 [Itoana
780 3467 897 3533 Breon]

305 3572 386 3627 Modo
400 3572 519 3643 Rogerns
532 3573 615 3645 Bigot
633 3579 738 3628 revocat
752 3574 864 3644 [terram
882 3573 910 3628 in
929 3573 1096 3643 Stcrrstunn]
1114 3573 1147 3628 od
1165 3571 1275 3628 feudum

269 3658 411 3714 liberorum
424 3679 530 3715 suorum
542 3681 572 3716 ex
586 3663 654 3716 douo
666 3663 745 3732 regis.
764 3661 815 3715 Sed
828 3660 949 3716 hundred
962 3666 1076 3716 testatur
1088 3662 1158 3732 quod
1170 3661 1276 3731 quaudo

271 3745 398 3799 llirardns
412 3746 550 3801 Ponuntua
560 3751 617 3801 erat
626 3747 782 3818 propositus
795 3747 821 3800 in
833 3747 958 3810 uersam,
968 3746 1115 3818 pertinebat
1123 3747 1150 3800 in
1161 3747 1274 3801 llersam

270 3832 314 3886 sed
328 3832 372 3886 illc
384 3832 429 3903 qui
440 3833 518 3887 modo
530 3839 611 3897 tenet,
623 3838 687 3888 tune
705 3832 912 3904 subpraepositns
931 3833 1047 3896 Ricardi,
1061 3833 1086 3886 in
1101 3833 1206 3896 Ersam,
1218 3833 1277 3886 abs-

271 3918 342 3984 tulit,
364 3925 391 3974 et
411 3924 479 3974 teste
499 3919 636 3975 hundredo
648 3925 675 3974 ct
687 3919 759 3974 dedit
772 3938 880 3974 consum
893 3919 921 3972 in
936 3919 1044 3982 hircum,
1057 3919 1120 3973 XX.
1134 3919 1239 3982 solidos,
1252 3922 1279 3973 et

270 4004 320 4059 vl.
343 4005 368 4059 d.
388 4024 545 4078 unoquoque
569 4025 639 4062 anuo
663 4007 695 4061 dc
722 4007 771 4061 hac
789 4005 906 4070 terram,¹
927 4005 1095 4070 nominatim,
1114 4010 1140 4061 et
1168 4005 1200 4060 de
1218 4005 1280 4069 alia,

270 4092 315 4146 scd
333 4091 382 4147 hoc
400 4111 470 4147 anno
488 4112 541 4147 non
562 4093 685 4158 reddidit,
697 4097 725 4159 et
740 4093 779 4148 W.
793 4093 824 4148 de
843 4092 939 4147 Noiers
958 4092 1055 4148 hahuit
1073 4093 1207 4164 hucusque
1219 4111 1278 4146 cen·

271 4198 338 4233 suin.
375 4179 418 4234 lb.
432 4181 489 4235 186.

718 4369 725 4400 ¹
741 4373 821 4422 terra.
