3286 5142
700 689 850 737 srnruuu.
1214 665 1276 728 157

339 850 433 913 blshop
443 849 473 898 ol
487 848 515 898 0.
526 849 549 898 is
566 851 614 898 not
630 849 738 910 present
750 845 826 894 when
838 843 860 892 it
870 843 894 892 is
911 839 1030 892 reached.
1064 838 1119 888 'rho
1130 838 1210 888 obbct
1221 852 1278 900 pre·

339 931 413 978 sents
423 928 465 976 his
476 941 543 985 case,
555 927 607 974 end
617 925 722 974 obtulus
734 923 874 987 judgment
885 920 914 969 ol
929 918 1043 968 freedom
1059 917 1124 965 bom
1142 917 1187 965 the
1200 914 1279 980 juris-
1309 993 1311 998 Α

339 1005 438 1055 diction
448 1005 477 1054 ol
488 1005 533 1054 the
545 1001 660 1067 bisbop]

276 1155 421 1220 Quoosu
456 1155 558 1239 igitur
598 1152 740 1238 praedieti
777 1149 933 1235 Stephani
967 1147 1103 1233 piissimi
1126 1144 1279 1231 principis

275 1271 426 1350 tempore,
442 1265 596 1350 synodum
614 1263 698 1348 apud
714 1261 900 1326 Cicestriam
916 1259 1002 1324 edire
1017 1258 1114 1322 abbas
1138 1279 1279 1320 summo·

276 1375 375 1453 nitus,
391 1397 448 1439 nec
462 1375 603 1453 veniens,
618 1373 806 1438 interdictus
820 1377 869 1437 est
884 1371 923 1435 ab
938 1369 1092 1454 episcopo,
1114 1391 1149 1433 eo
1172 1371 1280 1431 tamen

275 1491 395 1565 tenore,
414 1486 542 1571 quodsi
561 1485 645 1550 infra
663 1484 736 1549 XL.
756 1482 878 1546 dierum
901 1480 1039 1565 spatium
1060 1479 1279 1543 satisfacturus

275 1620 340 1662 non
362 1597 496 1677 ueniret,
521 1596 562 1661 ab
587 1595 686 1662 officio
711 1617 769 1658 suo
798 1614 966 1677 suspensus
998 1595 1139 1656 cessaret
1185 1587 1281 1654 Quod

276 1707 373 1772 abbas
403 1708 535 1772 audiens
559 1706 679 1772 curiam
708 1704 795 1789 apud
825 1703 978 1769 Sanctum
1008 1701 1170 1765 Albanum
1199 1700 1281 1765 adiit

276 1840 479 1903 praepropere,
495 1822 589 1901 atque
604 1817 669 1880 haec
685 1815 779 1900 regiae
801 1813 913 1877 intulit
935 1811 1024 1876 aulae.
1069 1813 1138 1877 Rex
1163 1811 1282 1897 itaque,

278 1928 426 1993 accersito
442 1928 577 2013 quodam
592 1925 775 1991 clericorum
790 1946 918 1988 suorum
934 1922 1088 1988 Rotberto
1103 1923 1141 1988 de
1157 1924 1280 1988 Comu-

278 2038 354 2103 villa
369 2037 507 2116 nomine,
522 2037 610 2100 misit
625 2037 665 2101 ad
680 2036 872 2122 episcopum,
882 2032 1035 2098 mandans
1051 2039 1083 2098 et
1097 2033 1281 2118 precipiens

278 2149 430 2235 quatinus
445 2147 606 2214 ecclesiam
623 2146 734 2212 Sancti
748 2145 886 2209 Martini
900 2145 939 2209 de
951 2144 1041 2209 Bello
1052 2144 1281 2208 sicutdomini-

278 2282 349 2324 cum
364 2259 448 2343 regis
462 2256 965 2343 capellam,et'regiamooronam,
974 2255 1013 2319 ab
1023 2255 1110 2320 omni
1121 2256 1283 2320 exactione

279 2377 313 2436 et
342 2369 539 2455 oppressione
568 2368 700 2432 liberam
737 2372 770 2433 et
804 2367 944 2452 quietem
981 2365 1108 2432 Christo
1146 2367 1284 2432 Domino

280 2480 407 2565 pacifice
423 2480 539 2546 sineret
554 2478 718 2544 deservire.
764 2476 948 2542 'ferminum
964 2477 1060 2541 etiam
1085 2477 1114 2542 ei
1138 2478 1284 2562 praellxit,

280 2591 431 2676 quatinus
456 2588 507 2654 die
531 2594 716 2654 octavarum
741 2587 852 2653 Sancti
874 2587 1017 2666 Androm,
1037 2587 1105 2671 ipse
1130 2593 1162 2652 et
1188 2587 1285 2652 abbas

282 2699 484 2764 Lundoniam
500 2697 657 2778 venirent,
671 2703 710 2761 ut
724 2697 769 2762 ibi
784 2696 971 2762 dissensioni
986 2697 1165 2762 eorumdem
1180 2719 1285 2762 comm

282 2834 325 2891 se,
340 2807 504 2895 episcopis,
520 2813 553 2872 et
567 2807 737 2872 baronibus
753 2807 819 2872 suis
836 2807 1044 2892 presentibus
1066 2809 1162 2872 finem
1183 2809 1285 2892 impo-

281 2926 380 2987 neret.
434 2920 496 2984 Die
525 2921 703 2984 constituta
728 2925 861 3006 uterque
887 2920 989 2986 affuit.
1046 2920 1163 2984 Multis
1185 2919 1287 3004 igitur

281 3031 384 3098 causis
398 3030 515 3095 ibidem
529 3029 688 3110 discussis,
703 3031 799 3096 abbas
821 3031 890 3114 regi
913 3031 1111 3116 presentiam
1129 3054 1218 3096 suam
1234 3053 1287 3096 ex-

280 3142 398 3222 hibuit,
413 3147 553 3228 paratus,
568 3141 596 3206 si
619 3141 690 3228 quis
715 3142 817 3209 eidem
841 3143 1010 3231 quicquam
1034 3143 1156 3208 obicere
1181 3143 1286 3224 vellet,

281 3254 368 3339 justa
382 3251 514 3316 rationis
528 3252 676 3336 aequitete
690 3274 747 3337 pro
761 3252 907 3318 libertate
922 3253 1054 3318 ecclesia
1064 3277 1126 3318 sue
1136 3254 1286 3318 resistere.

282 3364 456 3448 Episcopus
492 3384 565 3426 vero
597 3361 757 3426 nonnullis
793 3349 909 3428 ibidem
950 3366 1098 3429 detentus
1138 3365 1287 3450 negotiis,

283 3496 387 3538 coram
409 3494 482 3557 rege
502 3471 553 3536 die
583 3473 692 3538 eadem
722 3473 828 3538 venire
858 3474 994 3540 distulit.
1048 3476 1154 3541 Lectis
1186 3476 1289 3561 igitur

283 3605 388 3648 coram
411 3605 483 3666 rege
505 3583 599 3646 cartis
620 3587 653 3646 et
675 3583 906 3649 munitionibus
928 3586 967 3651 de
996 3587 1054 3650 hac
1075 3587 1182 3651 eadem
1203 3609 1246 3666 re,
1269 3610 1288 3652 a

283 3718 357 3780 rege
370 3693 531 3759 Willelmc
546 3715 662 3778 magno
677 3694 871 3781 subscriptis,
886 3719 939 3761 rex
954 3696 1058 3761 altiori
1072 3719 1146 3760 usus
1161 3697 1289 3762 oonsilio

284 3803 429 3893 praecepit
451 3803 610 3869 ecclesiam
640 3805 751 3870 Sancti
774 3807 911 3871 Martini
942 3807 980 3872 de
1013 3806 1101 3872 Bello
1131 3808 1171 3872 ab
1202 3807 1289 3871 omni

284 3916 477 4003 subjectione
492 3921 524 3980 et
545 3915 706 3981 exactione
728 3917 929 3983 cicestrensis
950 3919 1094 4004 episcopi,
1118 3920 1289 3984 secundum

284 4029 367 4114 regis
389 4024 542 4092 Willelmi
563 4031 596 4091 et
617 4025 750 4091 aliorum
764 4051 877 4113 regum
890 4029 1146 4114 predecessorum
1160 4052 1289 4096 suorum

285 4145 397 4220 cartas,
410 4139 542 4205 liberam
556 4137 685 4204 omnino
700 4141 839 4206 existere.

319 4327 351 4376 In
362 4328 408 4377 the
418 4328 477 4378 first
487 4342 550 4393 year
566 4327 597 4378 ol
610 4327 655 4378 the
673 4327 804 4392 following
820 4329 894 4392 reign
915 4329 978 4392 (no.
997 4330 1072 4396 1155)
1090 4334 1136 4384 the
1154 4333 1246 4398 bishop
1262 4336 1291 4386 ol

287 4403 439 4456 cucumer
460 4419 562 4456 rancus
584 4405 624 4454 his
646 4410 807 4470 attempt‘to
826 4408 926 4472 subject
945 4408 992 4458 the
1013 4410 1094 4459 abbct
1111 4410 1141 4460 ol
1157 4412 1244 4463 Battel
1261 4419 1291 4465 to
