3286 5150
713 636 822 681 aanor
846 637 883 680 11.
1240 621 1302 684 247

301 789 466 869 addicitur,
478 788 679 875 postmodum
695 811 768 853 vero
783 788 848 854 diss
863 788 1009 874 locusque
1024 792 1106 877 apud
1123 791 1303 856 Londonias

301 898 518 979 conveniendi,
535 920 661 983 remque
690 899 895 963 confirmandi
927 899 1050 985 utrique
1079 901 1162 986 parti
1188 901 1302 968 iterato

300 1009 482 1094 praefigitur.
528 1013 650 1074 Assunt
665 1008 798 1094 denique
813 1010 886 1074 hinc
901 1009 974 1075 inde
987 1011 1026 1076 ad
1042 1011 1126 1077 diem
1140 1012 1301 1092 stlocum,

301 1119 356 1184 ubi
371 1121 469 1184 totius
484 1121 528 1186 rei
543 1121 619 1186 serie
633 1125 666 1186 et
681 1120 915 1205 compositionis
929 1121 1030 1186 forma
1049 1123 1082 1187 in
1105 1122 1302 1208 justiciamm

300 1229 420 1295 domini
435 1229 518 1316 regis
533 1237 565 1297 et
587 1230 720 1296 aliorum
742 1231 976 1316 quamplurium
998 1232 1159 1298 audientia
1179 1234 1301 1318 plenius

300 1341 452 1426 exposita,
477 1343 599 1406 Alanus
628 1348 729 1406 cartas
758 1349 945 1408 memoratas
974 1343 1009 1407 in
1037 1367 1148 1409 manus
1178 1345 1301 1410 abbatis

300 1452 485 1537 resignavit,
509 1452 614 1537 sicque
642 1458 761 1517 cartam
792 1452 916 1517 abbatis
944 1453 983 1518 de
1012 1454 1078 1518 sola
1106 1454 1234 1520 ecclesia
1263 1455 1302 1521 de

301 1562 477 1627 Brantham
493 1562 619 1628 nomine
633 1563 814 1627 monasterii
828 1563 867 1627 de
882 1563 971 1628 Bello
987 1564 1123 1630 tenenda
1145 1564 1202 1629 sub
1224 1588 1300 1650 pen-

300 1672 387 1738 sione
401 1673 495 1737 unius
510 1673 593 1737 aurei
610 1672 776 1737 annuatim
791 1671 937 1738 solvenda
953 1674 1098 1758 suscepit.

333 1843 401 1892 Alan
418 1843 516 1906 having
532 1844 717 1907 subsequently
734 1845 830 1908 songht
846 1849 875 1894 to
891 1845 957 1895 burs
973 1847 1015 1896 his
1032 1847 1145 1907 brother,
1166 1848 1253 1912 Boger
1269 1850 1303 1899 dc

300 1921 442 1984 Bellafego,
461 1922 599 1971 instituted
617 1923 673 1971 into
691 1923 736 1971 tho
753 1923 849 1972 ohuroh
868 1928 896 1973 at
917 1925 1066 1983 Brantham
1086 1931 1114 1974 to
1132 1926 1193 1975 hold
1210 1927 1239 1975 ol
1256 1928 1302 1977 ths

299 1996 387 2057 abbot‚
411 1996 456 2045 the
480 1997 560 2046 abbot
584 2001 714 2047 consents.
759 1999 826 2048 Alan
848 2015 906 2050 now
927 2015 1014 2049 comes
1036 2000 1123 2051 before
1148 2001 1194 2051 tbe
1215 2003 1302 2066 king's

294 2075 405 2139 justices
422 2073 474 2123 and
490 2075 584 2123 barone
602 2075 630 2123 in
648 2076 693 2124 the
713 2075 873 2140 Excbsqner,
893 2077 944 2126 and
964 2093 1106 2129 renounoes
1123 2079 1164 2128 for
1183 2094 1244 2129 over
1262 2080 1302 2130 his

298 2155 375 2204 claim
384 2169 453 2215 upon
465 2154 509 2202 the
520 2153 645 2203 charchas
652 2158 680 2203 st
689 2155 839 2218 Brantham,
849 2157 1035 2218 Mendlsshsm,
1044 2157 1097 2207 and
1106 2157 1241 2220 anlord‚
1250 2159 1301 2208 and

300 2231 345 2280 tbe
356 2233 411 2280 rest
421 2229 451 2278 ol
458 2229 502 2278 tho
512 2229 600 2293 dowry
612 2230 748 2280 chnrchss.

383 2932 482 3016 [Casu
504 2953 544 2996 or
568 2933 686 2997 Hunni
710 2953 750 2998 or
772 2933 886 2998 Essnx.
932 2935 1064 2999 Buroan
1089 2937 1218 3020 1163.]¹

300 3089 367 3156 [The
378 3093 517 3142 defendant
523 3093 601 3156 being
612 3093 721 3143 accusso
733 3093 761 3142 ol
771 3109 833 3156 rape
845 3110 915 3157 upon
927 3109 943 3144 a
953 3095 1012 3158 girl,
1021 3095 1119 3160 objeots
1130 3097 1300 3161 suocasssully

366 3168 478 3234 (semble)
490 3181 518 3219 to
534 3171 595 3219 trial
612 3172 727 3220 therefor
737 3177 830 3232 except
841 3173 870 3220 in
880 3173 921 3220 his
932 3188 991 3223 own
1002 3177 1086 3234 court,
1099 3189 1133 3224 on
1144 3173 1189 3224 the
1200 3174 1301 3238 mund

363 3247 423 3297 that
433 3249 478 3297 the
488 3248 538 3310 girl
550 3263 603 3297 aras
615 3249 679 3297 born
690 3250 717 3297 in
729 3249 770 3297 his
782 3249 924 3313 demortua]

299 3375 461 3437 Paooussu
478 3397 550 3439 vero
566 3375 725 3458 temporis,
742 3398 814 3438 cum
838 3376 871 3439 in
894 3376 979 3440 curia
997 3377 1105 3442 Sancti
1121 3377 1300 3443 AEdmundi

297 3490 443 3566 ageretur
457 3507 550 3547 causa
565 3484 604 3548 de
618 3492 711 3568 raptu
724 3487 888 3568 cujusdam
905 3486 1047 3570 virginis,
1064 3488 1193 3552 accessit
1216 3488 1299 3553 idern

299 3594 455 3658 Henricus
487 3595 539 3677 [de
563 3594 692 3681 Esexia]
721 3600 897 3678 protestans
921 3601 954 3659 et
978 3619 1127 3676 asserens,
1143 3598 1298 3683 loquelam

296 3704 383 3768 illam
398 3704 432 3767 iu
447 3705 532 3769 curia
546 3726 601 3768 sua
616 3703 726 3769 debere
741 3705 869 3769 tractari
883 3706 1002 3769 ratione
1017 3706 1193 3772 nativitatis
1215 3710 1298 3794 ejus·

296 3816 366 3880 dem
381 3813 492 3899 puelle,
507 3837 566 3898 que
581 3815 614 3878 in
630 3814 769 3879 dominio
784 3839 840 3880 suo
863 3817 901 3881 de
927 3816 1061 3881 Lailaud
1086 3827 1160 3882 nata
1184 3820 1296 3887 uerat.

297 3928 394 4010 Cujus
423 3925 553 3990 rationis
582 3932 739 4010 pretextu,
769 3925 887 3990 curiam
918 3927 1028 3990 Sancti
1057 3927 1236 3993 AEdmundi
1264 3931 1298 3996 in

296 4036 461 4102 itineribus
486 4045 519 4102 et
544 4037 823 4101 innumerabilibus
853 4037 996 4112 expensis
1025 4038 1120 4116 longo
1149 4041 1298 4127 temporis

296 4157 400 4214 tractu
415 4171 526 4215 vexare
540 4150 737 4232 presumpsit.

488 4334 496 4368 ¹
515 4335 607 4384 Chron.
620 4335 674 4384 Joc.
687 4333 719 4382 de
730 4333 833 4383 Brakel.
847 4333 877 4383 51
890 4331 1017 4398 (Camdon
1029 4334 1107 4399 Soa).
