3286 5142
350 622 410 683 lat
595 641 729 686 amorra
750 641 1100 686 sacto-uoansuarcs.

346 792 509 876 suggessit
531 792 600 876 regi
625 793 658 856 in
681 794 880 858 Normaunia
894 793 1055 858 eeclesiam
1076 799 1110 856 et
1128 799 1243 858 terram
1265 816 1346 877 prae·

345 905 444 966 latam
459 903 532 986 jure
547 901 735 968 hereditario
750 904 790 968 ad
805 905 1012 987 sepertinere.
1059 902 1155 968 Quod
1169 926 1240 968 cum
1256 903 1347 976 facile

346 1013 376 1076 ei
390 1014 605 1096 persuasisset,
630 1013 705 1098 quia
728 1013 830 1078 deluit
848 1014 901 1098 qui
926 1014 1094 1094 resisteret,
1115 1036 1188 1098 rege
1205 1014 1347 1098 jubente,

349 1123 460 1189 Simon
483 1131 599 1189 terram
623 1148 696 1189 oum
721 1125 847 1190 ecelesia
872 1124 1022 1202 saisiavit,
1041 1133 1074 1189 et
1096 1125 1218 1189 tamdiu
1243 1126 1346 1190 tenuit

347 1257 506 1320 quousque
531 1236 628 1300 abbas
642 1236 831 1301 Vincentius
854 1236 951 1320 hujus
972 1235 1032 1300 loci
1058 1243 1165 1320 pastor
1188 1237 1346 1302 suecessit.

349 1346 501 1411 Quicum
517 1347 555 1412 de
575 1371 608 1412 re
629 1347 703 1426 ista,
718 1348 799 1412 siout
822 1347 860 1412 de
883 1348 1001 1432 injuste
1023 1349 1139 1427 ablata,
1154 1371 1257 1413 coram
1274 1369 1346 1432 rege

347 1457 537 1526 calumniam
557 1466 705 1537 moveret,
729 1458 901 1541 Simonque
923 1458 1092 1542 cogitasset
1114 1480 1210 1542 quam
1229 1458 1347 1542 injuste

347 1591 416 1632 eam
430 1569 562 1653 adeptus
577 1567 697 1648 fuisset,
709 1569 783 1634 talia
798 1569 925 1634 tandem
941 1569 1025 1634 inter
1039 1568 1184 1634 abbatem
1200 1577 1232 1634 et
1242 1570 1346 1653 ipsum

347 1679 508 1744 Simonem
523 1678 595 1743 finis
609 1680 725 1745 evenit.

381 1841 404 1889 Δ
417 1840 561 1904 quit-claim
573 1840 603 1889 ol
611 1841 646 1889 all
657 1842 702 1890 the
714 1845 839 1903 property
851 1841 881 1888 ot
889 1841 934 1890 the
946 1841 1030 1903 abbey
1043 1842 1078 1904 by
1092 1841 1179 1890 Simon
1191 1840 1296 1890 follows

509 2342 639 2431 [Aaaoa
665 2345 771 2408 Paaaa
793 2367 821 2408 v.
847 2346 972 2409 Brsuor
997 2344 1187 2428 Rnuamu.]¹

350 2500 417 2567 [The
429 2505 546 2566 plaintlff
558 2520 677 2555 recavere
689 2507 734 2555 the
745 2507 814 2570 body
825 2507 854 2556 ol
869 2522 886 2555 a
902 2506 1026 2556 deceased
1043 2521 1145 2568 person,
1163 2505 1263 2556 carried
1274 2519 1349 2568 away

412 2582 447 2644 by
459 2581 527 2631 lorca
538 2583 574 2646 by
585 2583 631 2632 tha
642 2583 804 2644 defendant,
817 2585 862 2632 the
873 2585 934 2632 trial
945 2584 1024 2646 being
1034 2584 1121 2633 before
1134 2585 1178 2633 the
1193 2583 1263 2646 king,
1275 2581 1348 2630 arch·

412 2657 505 2721 bishop
521 2657 637 2717 Anselm‚
653 2661 700 2710 the
719 2662 775 2710 earl
793 2662 823 2710 os
836 2662 955 2720 biellam,
974 2661 1026 2708 aud
1044 2661 1158 2723 bishops,
1177 2661 1278 2717 abbcts,
1297 2656 1349 2708 aud

411 2739 486 2798 great
497 2735 577 2802 mem]

349 2889 474 2954 Ismus²
499 2899 638 2975 tempore
666 2893 725 2957 fuit
750 2893 881 2976 grandis
905 2893 1066 2958 altercatio
1090 2893 1172 2958 inter
1196 2894 1348 2958 domuum

347 3000 492 3065 abbatem
500 3003 640 3082 Petrum,
646 3009 680 3067 et
686 3004 885 3067 Remelinum
893 3005 1072 3089 episcopum
1079 3004 1348 3083 Herefordensem,

348 3110 382 3173 in
392 3111 1105 3196 prasentiaregisHenrici,etdomniAnselmi
1115 3113 1348 3198 archiepiscopi,

348 3226 381 3284 et
397 3221 527 3286 Rcberti
543 3221 667 3288 comitis
682 3222 720 3288 de
734 3223 882 3303 Melleut,
892 3231 924 3289 et
939 3226 1111 3289 multorum
1123 3225 1347 3310 episcoporum,

350 3331 512 3412 abbatum,
528 3339 561 3398 et
580 3357 752 3418 procerum,
764 3334 798 3398 in
814 3335 1020 3401 Pentecosten
1037 3359 1095 3421 pro
1109 3336 1266 3402 ablatione
1283 3359 1348 3400 cor-

349 3443 434 3527 poris
449 3444 610 3530 Radulphi
625 3445 683 3508 filii
704 3445 859 3524 Askitilli,
879 3446 961 3530 quod
976 3447 1029 3511 ille
1050 3447 1214 3531 episeopus
1237 3447 1348 3511 Reme-

350 3553 434 3619 linus
449 3577 504 3639 per
518 3555 584 3620 vim
604 3556 779 3621 abstulerat
787 3583 797 3635 ;
820 3563 853 3622 et
868 3558 931 3621 fuit
945 3557 1171 3623 ditationatum
1186 3563 1224 3621 ut
1238 3579 1349 3642 corpus

349 3665 555 3744 defoderetur,
570 3673 603 3730 et
618 3667 809 3745 redderetur,
825 3667 963 3732 Rcberto
980 3668 1095 3732 comite
1109 3667 1264 3752 judicium
1284 3667 1348 3732 dic·
1441 3661 1443 3666 ’

351 3783 451 3858 tante,
467 3782 504 3840 ut
518 3777 552 3841 in
564 3784 724 3862 posterum
744 3778 896 3842 haberent
910 3779 1050 3844 universi
1065 3781 1194 3844 liberam
1210 3785 1347 3864 potesta·

351 3894 415 3952 tem
443 3910 474 3952 se
497 3886 677 3971 ubicunque
699 3887 766 3952 vivi
793 3887 1020 3972 disposuerant,
1045 3895 1117 3974 post
1143 3897 1275 3955 mortem
1301 3913 1348 3955 se·

346 3996 491 4081 pellendi.

382 4182 391 4213 ¹
409 4183 422 4228 l
436 4181 529 4230 Chaon.
541 4181 608 4230 lton.
621 4181 709 4232 Glouc.
723 4185 753 4231 13
766 4183 838 4246 (Rea.
851 4183 940 4249 Com).
1083 4187 1094 4218 ¹
1109 4187 1197 4236 abbot
1208 4186 1315 4236 Peter's.
