3280 5132
685 675 828 721 wrnnrsu
851 676 874 720 1.
1236 653 1277 717 27

276 826 315 892 de
331 827 514 909 Suthfuloh,
528 836 562 895 et
583 828 623 893 ab
638 829 784 894 omnibus
808 829 884 894 viris
908 827 963 912 qui
986 833 1085 892 terras
1109 831 1221 890 tenent
1246 825 1280 889 in

277 938 341 1004 illis
364 940 517 1020 hundrez,
540 941 643 1006 videte
669 964 708 1006 ne
732 941 829 1005 abbas
852 939 1019 1025 praedictus
1042 937 1210 1022 quicquam
1231 936 1280 1001 in-

272 1051 360 1134 juste
377 1053 487 1136 perdat
502 1059 535 1117 et
556 1051 652 1118 facite
675 1057 713 1117 ut
728 1050 834 1116 omnia
856 1072 1001 1116 succum
1024 1070 1142 1135 magno
1164 1049 1282 1114 honore

277 1167 394 1228 teneat.

281 1374 348 1440 [The
364 1379 450 1442 king’s
466 1379 528 1428 urit
547 1378 696 1441 forbidding
715 1379 760 1428 the
780 1378 873 1441 biehop
892 1377 923 1426 of
936 1376 1043 1428 Liuooln
1060 1375 1129 1426 from
1148 1374 1283 1438 requiring

472 1469 532 1504 new
547 1459 664 1504 ouetome
680 1455 710 1504 of
723 1455 769 1503 the
786 1455 884 1504 churoh
897 1458 926 1503 at
938 1454 996 1518 Ely,
1009 1451 1084 1518 ho.]¹

321 1605 502 1670 Willelmus
524 1628 579 1672 rex
594 1606 784 1690 Anglorum,
801 1605 979 1671 Lanfranco
1000 1605 1230 1688 archiepiscopo
1250 1609 1283 1668 et

280 1716 439 1782 Goislrido
462 1718 617 1802 episcopo,
639 1723 673 1782 et
694 1718 856 1782 Rodberto
885 1717 994 1782 comiti
1027 1718 1066 1782 de
1099 1715 1283 1795 Meritonio,

280 1825 426 1893 salutem.
473 1827 643 1893 Defendite
658 1849 698 1892 ne
721 1827 888 1912 Remigius
910 1827 1074 1914 episcopus
1094 1850 1192 1893 novas
1210 1849 1283 1891 con-

280 1938 462 2002 suetudines
485 1938 624 2022 requirat
645 1938 730 2002 infra
749 1939 886 2003 insulam
909 1938 948 2004 de
965 1940 1051 2005 Heli.
1096 1939 1182 2004 Nolo
1197 1939 1282 2004 enim

280 2052 319 2110 ut
340 2046 385 2111 ibi
407 2047 531 2125 habeat,
554 2047 615 2111 nisi
636 2047 714 2111 illud
737 2049 821 2133 quod
844 2056 1019 2114 antecessor
1049 2050 1116 2134 ejus
1149 2049 1286 2113 habebat

281 2165 422 2242 tempore
446 2157 530 2242 regis
552 2158 729 2237 Eadwardi,
753 2158 873 2224 scilieet
895 2158 1030 2244 quadie
1051 2159 1188 2244 ipserex
1202 2180 1284 2223 mor-

282 2273 358 2332 tuus
380 2272 439 2346 est,
461 2272 494 2331 et
516 2267 543 2330 si
567 2267 734 2350 Remigius
756 2268 920 2353 episcopus
943 2268 1016 2333 inde
1046 2269 1197 2353 placitare
1229 2292 1284 2334 vo-

282 2379 388 2458 luerit,
398 2377 529 2463 placitet
539 2377 612 2442 inde
623 2377 707 2442 sicut
722 2378 848 2443 fecisset
858 2385 998 2464 tempore
1010 2379 1094 2464 regis
1107 2379 1285 2459 Eadwardi,

282 2497 316 2556 et
338 2490 490 2575 placitum
514 2489 600 2553 istud
623 2489 719 2553 sitin
745 2495 849 2554 vestra
864 2490 1038 2574 presentia.
1084 2490 1134 2554 De
1145 2491 1287 2556 custodia

283 2600 321 2664 de
343 2600 471 2665 Norwic
494 2598 641 2664 abbatem
665 2601 854 2685 Symeouem
875 2600 1019 2686 quietum
1034 2623 1099 2666 esse
1121 2601 1289 2682 dimittite,

283 2712 337 2777 sed
368 2711 413 2776 ibi
444 2709 653 2775 munitionem
676 2733 766 2775 snam
788 2711 920 2776 conduci
952 2711 1048 2777 faciat
1070 2717 1103 2776 et
1125 2713 1287 2778 custodiri.

285 2823 395 2888 Facite
410 2844 570 2886 remanere
584 2821 738 2906 placitum
753 2824 792 2887 de
814 2823 907 2888 terris
932 2846 1010 2908 quas
1033 2823 1289 2908 calumpnientur

284 2934 466 3000 Willelmns
481 2933 519 2998 de
535 2934 586 2998 Ou
601 2938 635 2998 et
651 2933 807 2998 Radulfus
823 2934 906 2998 filius
929 2935 1123 3000 Gualeranni
1146 2940 1179 2999 et
1203 2935 1289 3000 Rod-

282 3045 393 3110 hertus
423 3044 552 3108 Gernon
583 3043 610 3108 si
640 3043 714 3110 inde
738 3044 888 3130 placitare
912 3045 1081 3126 noluerint,
1104 3047 1188 3112 sicut
1216 3047 1289 3112 inde

286 3155 492 3240 placitassent
506 3162 647 3240 tempore
662 3155 747 3241 regis
764 3157 942 3236 Eadwardi,
958 3164 990 3222 et
1012 3158 1095 3223 sicut
1120 3159 1155 3223 in
1180 3159 1289 3224 eodem

285 3273 427 3350 tempore
443 3265 572 3330 abbatia
586 3267 829 3332 consuetudines
844 3291 916 3332 snas
930 3268 1077 3350 habebat,
1092 3270 1164 3335 volo
1180 3276 1217 3334 ut
1239 3293 1291 3334 eae

285 3376 414 3441 omnino
430 3376 553 3440 faciatis
568 3376 692 3457 habere,
709 3376 793 3442 sicut
806 3378 903 3444 abbae
917 3402 973 3466 per
987 3385 1088 3446 cartes
1102 3404 1174 3446 snas
1189 3387 1222 3447 et
1236 3405 1292 3466 per

286 3493 382 3552 testes
397 3509 471 3552 euos
486 3509 537 3551 eas
552 3487 739 3572 deplacitare
754 3489 879 3574 poterit.

316 3695 383 3761 [The
393 3695 478 3759 king's
490 3697 549 3746 urit
560 3699 744 3762 commanding
754 3699 891 3750 inducticn
902 3701 932 3750 οἰ
939 3701 984 3750 the
994 3703 1074 3752 abbat
1085 3701 1115 3752 of
1129 3702 1187 3765 aly,
1199 3699 1277 3764 ΜΡ

331 3840 513 3906 Willelmus
542 3863 596 3905 rex
628 3842 818 3926 Anglorum,
849 3845 1027 3911 Lanfranoo
1053 3846 1293 3933 archiepiscopo,

288 3953 432 4018 salutem.
477 3953 560 4017 Volo
576 3958 614 4017 ut
630 3951 735 4018 videas
751 3955 876 4019 carthae
890 3955 1015 4020 abbatie
1036 3957 1074 4022 de
1099 3957 1185 4038 Heli,
1210 3963 1242 4024 et
1266 3959 1293 4024 si

288 4064 396 4130 dicent
419 4063 504 4148 quod
534 4063 630 4128 abbas
660 4063 799 4148 ejusdem
828 4065 889 4131 loci
918 4066 1030 4133 debeat
1059 4068 1201 4135 benedici
1222 4070 1293 4134 nbi-

288 4197 423 4260 cumque
438 4197 492 4239 rex
515 4173 601 4239 illius
625 4181 715 4240 terrae
739 4176 907 4262 precipiet,
932 4177 1046 4244 mando
1075 4185 1112 4245 ut
1134 4203 1207 4246 eum
1233 4181 1295 4266 ipsi

324 4391 331 4423 ¹
350 4389 427 4438 Liber
439 4389 558 4449 eliensis,
570 4389 620 4439 258
632 4389 713 4453 (Aug.
727 4389 810 4440 chria
825 4389 905 4452 Sco).
1125 4393 1136 4426 ²
1151 4394 1189 4443 lb.
1202 4395 1259 4445 259.
