3280 5132
348 626 387 687 lb
594 642 725 688 rnaorrs
747 641 1097 690 suono-rounarruca

347 795 476 860 servitia
507 795 547 858 sd
577 817 655 878 opus
691 795 827 879 episcopi
864 796 1084 880 susceperant¹
1134 795 1275 860 Tandem
1311 818 1352 862 cx

346 913 493 991 precepto
503 905 639 989 justitiae
654 907 749 989 regis,
765 912 798 970 et
819 905 943 970 decreto
965 907 1130 986 baronum,
1146 907 1227 971 itum
1248 913 1297 971 est
1312 908 1353 972 ad

345 1017 518 1104 juditium:
541 1023 574 1080 et
589 1015 662 1100 quia
673 1015 769 1080 abbas
780 1017 875 1094 dixit,
887 1040 920 1082 se
931 1025 1028 1082 testes
1043 1023 1155 1082 contra
1170 1017 1352 1102 episcopum

349 1149 412 1191 nou
423 1128 545 1205 habere,
553 1125 732 1211 judicatum
747 1133 796 1192 est
808 1126 848 1190 ab
863 1127 1081 1212 optimatibus,
1092 1128 1176 1213 quod
1187 1127 1351 1212 episcopus

348 1243 446 1304 testes
461 1259 533 1302 suos
549 1235 736 1313 nominaret,
753 1244 787 1300 et
800 1235 851 1300 die
867 1237 1039 1301 constituta
1054 1237 1235 1317 adduceret,
1251 1245 1284 1303 et
1296 1260 1353 1321 per

349 1354 580 1414 sacramentum
604 1344 689 1410 dicta
711 1345 849 1430 episcopi
871 1347 1054 1430 probarent,
1080 1355 1113 1412 et
1136 1348 1233 1413 abbas
1258 1372 1352 1435 quas·

348 1484 472 1548 cunque
481 1458 576 1524 vellet
587 1457 733 1544 reliquias
743 1458 876 1522 afferret.
903 1459 1095 1523 Concessum
1107 1466 1155 1524 est
1167 1462 1205 1525 ab
1219 1467 1353 1545 utraque

349 1579 447 1657 parte.
485 1570 587 1635 Venit
600 1569 667 1633 dies
681 1573 813 1632 statuta.
851 1569 952 1632 Venit
966 1569 1130 1654 episcopus
1140 1571 1193 1634 W.
1210 1576 1243 1634 et
1257 1570 1353 1636 abbas

349 1684 519 1760 walterus,
535 1689 569 1745 et
593 1702 633 1744 ex
662 1686 807 1764 precepto
832 1679 973 1744 Gosfridi
1004 1681 1141 1766 episcopi
1152 1709 1161 1761 ;
1194 1683 1354 1747 affuerunt

349 1794 481 1858 barones
491 1791 547 1877 qui
562 1789 770 1854 interfuerant
783 1790 880 1874 priori
895 1791 1014 1874 placito
1030 1797 1062 1856 et
1069 1791 1197 1876 juditio.
1228 1793 1353 1857 Attulit

351 1905 447 1968 abbas
470 1901 640 1986 relliquias,
663 1900 781 1964 scilieet
804 1921 916 1985 corpus
949 1901 1059 1965 Sancti
1083 1902 1255 1985 Ecguuini.
1301 1903 1354 1967 lbi

351 2015 510 2079 affuerunt
532 2034 572 2075 cx
594 2017 682 2096 parte
708 2009 844 2094 episcopi
867 2011 1043 2094 probabiles
1065 2034 1214 2097 personae,
1236 2019 1353 2098 parate

351 2125 451 2190 facere
472 2122 650 2208 predictum
673 2127 915 2199 sacramentum,
934 2144 1068 2206 quarum
1086 2146 1168 2187 unus
1183 2124 1246 2188 fuit
1260 2125 1352 2189 Edri-

351 2258 417 2314 cus,
432 2233 487 2319 qui
513 2233 583 2309 fuit,
600 2237 740 2314 tempore
759 2231 842 2314 regis
867 2231 1025 2310 Edwardi,
1044 2239 1243 2298 stermsnnus
1265 2235 1355 2300 navis

352 2344 499 2430 episcopi,
514 2348 547 2407 et
568 2340 680 2405 ductor
701 2341 855 2405 exercitus
878 2341 1019 2424 ejusdem
1042 2341 1180 2427 episcopi
1202 2345 1242 2408 ad
1258 2345 1355 2410 servi-

351 2455 432 2520 tium
459 2453 542 2537 regis
550 2478 559 2531 3
583 2459 616 2516 et
639 2451 691 2514 hio
716 2457 784 2515 erat
810 2451 905 2515 homo
930 2451 1083 2516 Rodbcrti
1114 2453 1354 2518 Herefordensis

353 2564 500 2652 episcopi,
515 2585 551 2627 ea
575 2562 625 2626 die
648 2585 711 2646 quo
735 2567 966 2626 sacramentum
989 2561 1118 2645 optulit,
1139 2569 1172 2627 et
1196 2563 1294 2627 nichil
1316 2564 1356 2630 de

354 2678 496 2762 episeopo
525 2673 579 2738 W.
604 2672 743 2737 tenebat.
787 2673 893 2737 affuit
921 2673 1018 2736 etiam
1052 2673 1272 2755 Kiuewardus,
1296 2677 1351 2760 qui

355 2787 417 2852 suit
446 2785 615 2849 vicecomes
645 2782 923 2862 Wirecestrescire,
948 2784 1005 2869 qui
1030 2785 1090 2848 hoo
1115 2785 1209 2864 vidit,
1235 2792 1268 2851 et
1296 2787 1356 2852 hoo

355 2895 542 2962 testabatur.
586 2891 795 2956 Affuitctiem
814 2892 975 2957 Siwardus
985 2893 1175 2959 diveshomo
1191 2895 1229 2960 de
1242 2897 1355 2981 Scrop·

356 3029 456 3091 scyre,
479 3011 512 3068 et
538 3003 699 3068 Osbernus
725 3003 809 3066 filius
837 3003 975 3081 Ricardi,
997 3010 1031 3068 et
1044 3005 1173 3070 Turchil
1195 3006 1233 3072 de
1246 3009 1355 3073 Ware·

357 3119 514 3202 wicscyre,
534 3113 675 3180 etmulti
695 3113 749 3178 alii
765 3114 900 3179 seniores
919 3121 952 3180 ct
967 3115 1097 3195 nobiles,
1110 3139 1244 3201 quorum
1259 3121 1358 3205 major

358 3251 431 3313 pars
452 3227 521 3310 jam
547 3223 720 3289 dormiunt.
775 3225 877 3289 Multi
907 3232 1016 3290 autem
1046 3227 1149 3293 adhuc
1175 3231 1359 3315 superstites

358 3345 444 3419 sunt,
454 3338 509 3424 qui
524 3337 594 3402 illos
609 3335 785 3416 audieruut,
794 3342 828 3400 et
842 3337 943 3402 adhuc
957 3338 1050 3404 multi
1065 3338 1104 3402 de
1119 3345 1258 3424 tempore
1274 3341 1358 3426 regis

358 3448 513 3514 Willelmi
528 3448 611 3512 idem
626 3445 841 3510 testificantes.
886 3448 996 3512 Abbas
1010 3453 1118 3514 autem
1130 3450 1240 3516 videns
1255 3474 1357 3516 sacra·

359 3567 503 3627 mentum
526 3566 559 3624 et
586 3556 804 3643 probationem
828 3563 929 3622 totam
953 3565 1097 3643 paratam
1120 3583 1196 3641 esse,
1221 3567 1254 3626 et
1271 3563 1358 3628 nullo

359 3673 451 3738 modo
480 3693 637 3736 remanere
663 3669 690 3733 si
727 3668 822 3734 vellet
850 3667 995 3752 recipere,
1020 3676 1148 3755 accepto
1178 3672 1218 3737 ab
1248 3674 1358 3739 amicis

359 3783 499 3863 consilio,
515 3783 656 3866 episcopo
671 3779 799 3846 demisit
814 3785 1056 3860 sacramentum,
1072 3787 1105 3846 et
1125 3789 1227 3848 totam
1250 3807 1359 3869 quere-

356 3893 422 3956 lam
439 3893 635 3975 recognovit,
651 3897 684 3956 et
704 3913 829 3955 omnem
847 3912 910 3956 rem
934 3891 1018 3958 sicut
1032 3891 1194 3976 episcopus
1210 3895 1359 3958 reclamo-

394 4098 402 4130 ¹
421 4099 475 4146 The
485 4098 571 4159 king's
583 4099 643 4147 writ
655 4099 771 4148 directed
782 4099 842 4147 thet
859 4099 905 4146 the
924 4113 984 4146 ease
1004 4097 1097 4147 should
1117 4099 1149 4148 bs
1167 4099 1276 4148 deoided
1290 4116 1360 4164 upon

360 4177 407 4228 the
418 4178 504 4241 rights
516 4178 545 4225 ol
554 4178 599 4226 tho
610 4179 708 4240 parties
720 4181 787 4228 simu
798 4182 874 4228 erant
885 4180 934 4234 die,
944 4193 996 4240 qna
1006 4179 1154 4238 novissime,
1163 4185 1281 4243 tempore
1292 4185 1362 4246 regis

361 4259 501 4319 Eduusrdi,
514 4259 618 4321 geldnm
628 4263 763 4321 acceptum
775 4259 827 4308 fuit
838 4259 872 4308 ad
881 4259 1014 4321 navigium
1026 4258 1183 4309 laoiendum.
1209 4263 1223 4311 1
1236 4263 1362 4313 Monosti-

360 4357 415 4402 con,
428 4341 475 4390 601
488 4340 540 4402 (ed.
555 4339 637 4403 lero).
674 4341 721 4388 See
734 4340 880 4402 Appendix.
