3280 5132
373 639 414 702 60
623 658 757 704 sucus
779 657 1128 704 usum-nonnanes.

712 834 844 918 [Dauno
868 835 1039 920 v.W1n0.]

414 971 454 1036 In
479 971 616 1036 Wellebi
639 971 783 1036 hundred
805 971 923 1038 elamat
952 972 1062 1056 Drogo
1094 968 1183 1036 1111.
1209 973 1370 1036 carucatas

372 1087 453 1147 terre
482 1105 575 1168 super
604 1082 723 1147 Widon
753 1083 791 1148 de
821 1083 959 1162 credun,
989 1083 1043 1148 sed
1072 1088 1234 1167 wapentac
1265 1086 1371 1167 portat

371 1192 504 1258 Widoni
514 1193 733 1260 testimonium
748 1194 831 1280 quod
840 1194 913 1278 jure
928 1193 997 1278 ejus
1011 1198 1096 1259 sunt.

667 1624 772 1707 [Eunu
794 1625 889 1688 Anus
910 1647 939 1688 v.
955 1621 1085 1706 W1n0.]

414 1783 511 1849 Wido
536 1784 575 1849 de
599 1783 741 1851 Credone
770 1789 860 1850 tenet
885 1785 919 1848 iu
949 1785 1104 1849 Draitoue
1127 1783 1214 1850 1111.
1239 1783 1370 1848 bovatas

372 1901 463 1959 terras
472 1901 506 1962 et
520 1894 554 1958 in
566 1895 696 1959 Biehere
706 1895 850 1960 hundred
862 1895 902 1958 X.
918 1895 1060 1974 bovatas,
1076 1893 1115 1959 de
1129 1900 1212 1959 terra
1226 1894 1369 1960 Adestuu

371 2004 598 2070 Godramsune.
637 2007 709 2070 Hoc
718 2005 951 2090 calumpniatur
965 2027 1068 2070 comes
1083 2005 1216 2086 Alanus,
1229 2012 1262 2070 et
1270 2006 1371 2090 Alger

371 2116 466 2180 home
490 2118 556 2202 ejus
578 2116 666 2182 dedit
687 2115 903 2182 vadimonium
926 2116 1096 2182 baronibus
1118 2116 1212 2201 regis,
1235 2117 1275 2182 ad
1296 2139 1369 2182 eon·

371 2225 561 2292 firmandum
590 2251 646 2314 per
677 2227 835 2312 judicium
868 2232 925 2292 aut
953 2249 1009 2312 per
1034 2227 1164 2307 bellum,
1191 2227 1274 2313 quod
1303 2228 1370 2313 ipse

371 2339 514 2403 Adestan
530 2339 568 2404 de
583 2340 633 2405 his
648 2339 769 2406 XIIII.
785 2339 909 2405 bovatis
924 2339 1050 2404 saisitus
1065 2362 1129 2404 nou
1145 2339 1217 2419 fuit,
1231 2348 1371 2424 tempore

372 2449 457 2532 regis
483 2451 641 2515 Edwardi.
688 2453 716 2516 E
743 2456 852 2516 contra
874 2451 968 2514 homo
996 2447 1142 2514 Widonis
1172 2448 1305 2513 Alestan
1331 2449 1371 2514 de

371 2560 530 2626 Frantone
562 2561 650 2625 dedit
681 2583 774 2626 suum
798 2559 1015 2626 vadimonium
1044 2558 1085 2622 ad
1121 2557 1370 2623 convincendum

369 2672 453 2756 quod
467 2671 540 2735 inde
555 2672 682 2737 saisitus
704 2679 772 2737 erut
793 2694 868 2737 eum
885 2693 957 2736 saca
979 2677 1011 2734 et
1032 2691 1113 2750 soca,
1129 2675 1163 2734 et
1177 2669 1274 2734 Wido
1295 2669 1369 2735 inde

370 2780 432 2845 fuit
456 2781 582 2846 saisitus
609 2805 647 2846 ex
670 2788 810 2867 tempore
834 2780 961 2846 Radulfi
986 2780 1081 2846 stalre
1104 2802 1202 2864 usque
1227 2802 1322 2860 nune,
1337 2787 1371 2846 et

370 2891 462 2956 modo
477 2897 575 2958 tenet.

726 3333 834 3418 [Suus
856 3333 1020 3418 Pisanus]

415 3493 523 3559 Guerd
544 3495 638 3559 homo
654 3494 749 3558 Alani
771 3518 874 3561 eomes
895 3496 985 3561 dedit
999 3495 1218 3562 vadimonium
1232 3495 1273 3561 ad
1287 3495 1369 3560 affir-

370 3605 522 3670 mandum
558 3604 640 3690 quod
674 3610 851 3670 antecessor
881 3605 979 3670 Alani
1007 3605 1133 3672 comitis
1168 3605 1281 3671 habuit
1306 3605 1369 3669 VI.

370 3717 501 3782 bovatas
516 3723 606 3782 terrae
621 3739 693 3781 eum
716 3739 786 3780 saca
807 3722 840 3781 et
862 3739 932 3782 soca
954 3717 989 3782 in
1004 3718 1159 3783 Gosebert
1180 3718 1320 3795 cheteus,
1336 3721 1370 3781 et

369 3827 439 3892 ideo
455 3828 549 3892 Wido
564 3827 603 3915 de
620 3827 745 3892 Credun
760 3849 824 3892 non
839 3833 923 3893 reete
937 3850 989 3893 eas
1004 3828 1130 3895 elamat.
