3280 5132
674 667 817 711 winusus
843 667 865 710 1.
1230 643 1267 704 61

339 897 468 979 [Annei
490 915 529 958 on
551 895 742 959 Tnvissocn.
789 895 916 957 Menon
937 913 977 956 on
1000 889 1202 974 Ossismos]

312 1032 363 1096 De
378 1031 536 1096 mansione
551 1052 623 1115 quse
634 1036 764 1095 vocetur
774 1028 950 1094 Olwritona
958 1035 1027 1093 erat
1039 1025 1164 1092 saisitus
1176 1025 1272 1090 abbas

272 1142 530 1208 Tauestochensis
544 1165 580 1206 ea
598 1141 648 1206 die
671 1163 734 1226 qus
753 1163 807 1204 rex
827 1139 1009 1204 Willeimus
1035 1138 1124 1203 misit
1144 1139 1274 1202 barones

269 1275 341 1318 suos
367 1252 407 1318 nd
433 1252 635 1339 inquirendas
656 1257 756 1316 terras
785 1251 926 1334 Angliae,
952 1258 986 1316 et
1009 1257 1183 1316 antecessor
1197 1272 1274 1314 suus

268 1369 343 1428 ante
357 1385 430 1428 eum
445 1362 548 1428 fuerat
562 1362 636 1428 iude
657 1361 793 1440 saisitus,
809 1368 843 1426 et
866 1385 921 1446 per
945 1362 1076 1426 barones
1095 1361 1179 1445 regis
1201 1361 1273 1425 inde

269 1474 433 1540 desaisitns
448 1474 520 1552 fuit,
536 1479 664 1559 propter
684 1474 767 1558 quod
782 1474 840 1537 hoe
855 1474 965 1538 testati
981 1477 1056 1538 sunt
1074 1471 1173 1556 Angli
1190 1472 1274 1556 qnod

269 1586 310 1651 nd
339 1585 497 1651 abbatiam
521 1607 585 1650 non
609 1584 763 1676 pentinuit
790 1607 826 1648 en
850 1584 901 1648 die
928 1607 991 1672 qua
1017 1606 1072 1649 rex
1099 1583 1273 1648 Edwardus

272 1699 364 1763 vivus
379 1703 412 1762 et
427 1704 570 1761 mortuus
585 1695 669 1762 fuit)

428 1882 477 1931 See
487 1881 542 1930 The
554 1880 625 1944 King
635 1896 658 1930 v.
670 1881 756 1931 Abbot
767 1881 797 1930 of
805 1881 950 1940 Taviatools
961 1888 1026 1942 post,
1038 1897 1063 1944 p.
1075 1881 1115 1932 69.

278 2264 391 2350 [Innu
413 2284 450 2329 1n
474 2263 665 2330 anssonn.
712 2266 821 2330 Pnoos
850 2286 891 2330 ns
914 2266 1041 2330 Bnnnnu
1071 2284 1113 2330 on
1138 2265 1275 2330 Onnnnn

688 2377 856 2460 ostensu]

319 2537 414 2601 Hane
435 2541 554 2601 terrem
583 2535 632 2622 [in
656 2537 836 2622 Potestorp]
858 2537 1092 2622 calumpniatur
1114 2560 1180 2603 esse
1203 2537 1277 2604 libe·

272 2670 340 2712 ram
356 2647 506 2714 Ulehetel
524 2648 618 2743 home
635 2648 776 2729 Hemeri,
795 2670 993 2734 quocumque
1007 2648 1099 2713 modo
1116 2648 1277 2732 judicetur

273 2758 325 2824 vel
340 2759 422 2824 bello
437 2759 487 2824 vel
505 2758 634 2843 juditio.
679 2759 723 2822 Et
744 2757 826 2822 alins
847 2758 941 2823 homo
954 2765 1069 2844 praesto
1084 2764 1133 2824 est
1146 2759 1278 2845 probare

272 2869 322 2935 vel
341 2869 423 2935 bello
439 2868 489 2934 vel
511 2869 629 2954 juditio
651 2868 733 2952 qnod
751 2868 878 2953 jacebat
899 2870 939 2934 ad
960 2869 1130 2935 aeeelesiam
1152 2870 1277 2936 Sunetae

273 2981 471 3046 AEdeldredae
486 2981 537 3046 die
556 3003 619 3066 qua
638 3002 694 3044 rex
706 2979 910 3044 AEduunrdus
924 2981 1015 3060 obiit,
1031 2987 1063 3046 et
1078 2987 1176 3068 utque
1190 2982 1277 3047 dedit

274 3090 491 3156 vadimonium
513 3113 617 3157 sunm.
671 3092 717 3156 Et
737 3097 843 3158 totum
865 3090 1009 3157 hundred
1031 3097 1169 3157 testatur
1193 3093 1278 3178 quod

268 3199 372 3286 jacuit
397 3201 437 3266 ad
460 3200 624 3267 eeclesiam
652 3202 775 3267 Ssnetae
801 3201 997 3268 AEdeldredae
1022 3209 1163 3288 tempore
1192 3203 1278 3288 regis

175 3346 180 3358 ·
274 3311 448 3377 Edwardi.²

312 3492 320 3524 ¹
338 3495 413 3544 Exon
428 3495 575 3560 Doomsdsy
590 3494 618 3557 (4
634 3495 985 3562 Doomsd.),165(0riginnl
1006 3501 1111 3549 returns
1130 3499 1160 3548 of
1173 3499 1278 3550 Dooms·

275 3571 474 3795 Ξέιὲιίεῗιίο
496 3655 566 3705 Gom.
590 3655 698 3706 Onnteb.
722 3659 779 3718 181,
803 3657 938 3706 Hamilton
971 3657 1099 3720 (Originnl
1121 3662 1227 3708 mtnrns
1250 3659 1278 3708 oi

389 3747 442 3796 ny,
