3286 5150
333 589 398 650 254
581 603 712 648 sarcire
736 603 1082 648 cnoro-nonmusios.

333 756 404 835 niae,
420 761 453 820 et
475 777 578 820 comes
594 755 798 838 Andcgsvie,
813 755 1060 834 vicecomitibus,
1075 761 1108 820 et
1132 753 1296 832 ministris,
1307 759 1341 818 et

333 865 543 949 burgensibus
567 867 631 930 suis
654 867 694 931 de
718 866 923 943 Gloucestria,
951 865 1096 930 salutem.
1141 866 1286 930 Concedo
1307 875 1341 930 et

332 977 482 1041 confirmo
506 976 615 1040 abbati
639 985 671 1042 et
701 977 862 1042 monacbis
888 977 996 1041 Sancti
1021 977 1107 1042 Petri
1137 976 1340 1041 Gloucestriae

333 1110 445 1170 aquam
476 1086 515 1152 de
546 1086 719 1152 Fulebrolre
751 1111 820 1172 quae
849 1087 946 1152 currit
976 1110 1031 1172 per
1059 1087 1220 1152 abbatiam
1250 1111 1338 1152 suam

333 1205 435 1263 totam
450 1197 580 1262 liberam
598 1205 631 1263 et
645 1197 797 1282 quietam.
845 1199 949 1264 Quare
975 1197 1047 1262 volo
1072 1205 1105 1263 et
1129 1199 1274 1283 praecipio
1299 1221 1339 1263 ne

334 1308 405 1394 quis
419 1308 562 1392 ejusdem
577 1330 704 1373 cursum
730 1331 817 1392 aqua
832 1309 998 1388 retardare,
1013 1308 1063 1372 vel
1090 1308 1272 1387 distrahere,
1288 1311 1338 1373 vel

333 1419 411 1506 ipsis
426 1418 587 1482 monacbis
605 1418 679 1484 inde
697 1419 848 1504 injuriam
869 1418 968 1483 facere
989 1425 1170 1502 presumat,
1186 1441 1278 1502 super
1294 1421 1335 1484 X.

333 1530 422 1596 libris
436 1529 650 1595 forisfactum.
697 1530 769 1594 Hiis
784 1529 931 1596 testibus.
975 1531 1042 1614 [No
1058 1551 1167 1594 names
1181 1530 1302 1614 given]

384 2056 510 2140 [Aeser
532 2075 571 2120 os
594 2057 808 2120 Gnoucesrss
822 2077 850 2118 c.
868 2055 951 2120 Mau
974 2074 1012 2120 os
1036 2056 1291 2140 Gnoccesrsn.]¹

337 2204 406 2269 [The
418 2206 506 2271 king’s
518 2206 578 2255 writ
588 2204 770 2267 commanding
782 2205 827 2253 the
837 2204 978 2254 defendant
989 2209 1018 2254 to
1028 2205 1122 2255 render
1133 2205 1178 2255 the
1189 2209 1338 2268 customary

656 2287 755 2335 service
767 2291 794 2334 to
806 2287 851 2335 the
862 2285 995 2350 plaintiffi]

337 2408 521 2487 Hanarcus,
549 2429 603 2472 rex
629 2405 840 2490 Angliae,dux
865 2407 1070 2470 Ncrmauniae
1089 2411 1123 2471 et
1145 2405 1337 2490 Aquitaniae,

335 2525 369 2584 ct
383 2541 486 2584 comes
501 2519 705 2603 Andegaviae,
720 2516 932 2602 burgensibus
947 2517 1070 2582 abbatis
1085 2517 1288 2583 Gloucestriae
1298 2517 1337 2582 de

337 2629 543 2708 Gloucestria,
571 2629 713 2694 salutem.
774 2628 923 2712 Praecipio
954 2628 1044 2692 vobis
1080 2629 1163 2713 quod
1201 2630 1338 2694 reddatis

337 2739 446 2804 abbati
462 2740 676 2816 Gloucestriae,
693 2740 731 2805 de
747 2739 839 2804 terris
854 2761 932 2823 quas
946 2739 984 2804 de
1000 2739 1067 2824 ipso
1087 2739 1213 2818 tenetis,
1229 2763 1337 2806 omnes

337 2850 579 2915 consuetudines
594 2857 627 2916 et
643 2850 846 2915 rectitudines
860 2873 938 2934 quas
952 2850 1026 2916 iude
1041 2850 1190 2914 solebatis
1212 2851 1337 2916 reddere

337 2968 478 3044 tempore
494 2961 545 3024 nvi
557 2961 619 3024 mei
635 2961 718 3042 regis
732 2960 881 3024 Hearici:
907 2960 1032 3045 quiade
1053 2961 1116 3024 illis
1131 2983 1200 3044 quae
1225 2962 1266 3026 ad
1284 2963 1336 3046 jus

337 3071 471 3136 ecclcsiae
497 3070 667 3155 pertinent,
696 3069 815 3134 nullam
838 3072 1054 3154 quietudinem
1080 3071 1170 3136 vobis
1187 3072 1335 3136 concessi.

339 3181 413 3245 Hiis
429 3180 572 3246 testibus.
614 3179 683 3266 [No
698 3203 806 3244 names
821 3181 941 3266 given]

599 3689 737 3773 [Mours
759 3707 799 3752 os
821 3687 1079 3772 Grouccsrsr.]²

336 3829 403 3896 [The
425 3829 510 3893 king’s
532 3829 593 3879 writ
618 3829 749 3892 directing
771 3827 813 3878 his
837 3829 935 3877 officere
957 3831 986 3876 to
1003 3831 1106 3890 protect
1128 3829 1173 3876 the
1196 3827 1288 3877 mocks
1310 3825 1341 3875 os

494 3909 646 3958 Glouoester
658 3909 685 3956 in
697 3909 743 3957 the
754 3908 901 3970 possession
912 3907 942 3955 os
950 3921 966 3955 c
977 3908 1078 3956 certain
1089 3905 1182 3970 ποσὰ]

337 4027 521 4104 Hanurcue,
545 4025 606 4089 Dei
626 4025 732 4109 gratia
755 4049 809 4090 rex
825 4025 962 4109 Angliae,
978 4032 1011 4089 et
1036 4026 1101 4089 dux
1133 4022 1337 4088 Normanniae

335 4145 368 4201 et
382 4136 574 4220 Aquitaniae,
591 4141 624 4200 et
646 4158 749 4201 comes
770 4135 976 4220 Andegaviae,
991 4134 1174 4219 justiciariis
1198 4141 1231 4198 ot
1252 4134 1336 4196 vice-

400 4333 407 4365 ¹
427 4335 440 4382 1
453 4333 547 4382 Ghron.
559 4333 626 4380 Mon.
640 4332 873 4397 Glouc.189(Rec.
886 4332 980 4396 Com).
1096 4333 1106 4365 ²
1123 4331 1181 4379 21b
1199 4331 1254 4378 141.
