3286 5150
672 706 782 752 acuar
806 708 842 750 rr.
1191 687 1253 750 243

252 859 473 926 conscientiam
489 859 711 944 archiepiscopi
726 859 947 944 praeposuistis
960 858 1156 943 praecipimus
1167 879 1252 920 amo-

251 971 327 1035 veri.

297 1080 358 1144 His
373 1081 498 1161 auditis,
516 1079 661 1144 monachi
685 1079 732 1142 illi
759 1079 965 1144 Cantuariam
985 1079 1134 1143 continuo
1158 1078 1254 1143 redie-

251 1197 336 1256 runt.
392 1194 544 1256 Attamen
583 1190 671 1254 missi
708 1195 783 1254 sunt
820 1191 872 1254 alii
912 1190 1017 1254 nuntii
1054 1213 1073 1254 a
1108 1190 1254 1274 praefecto

253 1302 466 1382 Cantauriam,
483 1302 536 1387 qui
552 1302 585 1365 in
601 1300 760 1365 audientia
775 1307 947 1366 conventus
957 1300 1063 1364 eadem
1073 1299 1256 1365 nuntiarent

251 1413 363 1477 edicte.
408 1413 588 1478 Abbatibus
610 1435 732 1498 quoque
754 1412 856 1476 tribus
878 1411 1043 1475 minaciter
1064 1435 1102 1475 ex
1125 1411 1255 1494 imperio

252 1523 336 1606 regis
362 1523 537 1588 inhibitum
564 1530 621 1602 cst,
647 1545 687 1588 ne
709 1523 869 1587 occasione
891 1523 997 1606 aliqua
1018 1521 1137 1586 domini
1167 1545 1255 1606 papae

251 1641 476 1719 exequerentur
492 1635 686 1698 mandatum.
734 1632 827 1695 Missi
842 1639 918 1696 sunt
932 1633 1039 1716 itaque
1054 1633 1199 1697 monachi
1215 1633 1256 1696 ad

253 1766 360 1829 regem
388 1745 422 1807 in
446 1743 688 1820 Normanniem,
705 1747 741 1806 ut
767 1765 839 1806 cum
864 1741 933 1806 aliis
959 1743 1098 1825 ejusdem
1121 1743 1255 1808 ecciesiae

253 1853 414 1918 monachis
429 1853 483 1937 qui
498 1859 625 1937 propter
639 1853 701 1916 alia
717 1853 845 1936 negotia
859 1852 994 1917 ecclesiae
1016 1852 1056 1916 ed
1078 1875 1184 1937 regem
1201 1853 1255 1916 diu

253 1969 327 2028 ente
356 1963 438 2046 ipsos
467 1963 556 2026 missi
586 1963 720 2040 fuerant,
751 1963 789 2026 de
818 1962 898 2026 falsa
922 1961 1118 2026 accusatione
1140 1961 1256 2046 absque

253 2073 493 2159 privilegiorum
515 2073 691 2138 ostensione
713 2078 902 2137 conventum
919 2078 1113 2149 excusarent,
1134 2096 1257 2157 suaque

253 2183 492 2249 consuetudines
514 2182 648 2247 ecclesiae
670 2183 703 2247 in
726 2207 851 2246 suarum
867 2207 970 2248 rerum
993 2183 1090 2246 libera
1105 2183 1255 2248 adminis-

252 2294 389 2360 tratione
403 2317 441 2359 ex
457 2294 585 2379 antiquo
602 2317 712 2379 regum
727 2301 867 2378 tempore
883 2295 1142 2359 demonstrarent.
1169 2342 1176 2358 .
1207 2344 1214 2360 .
1247 2344 1254 2360 .

298 2407 404 2491 Igitur
426 2405 674 2490 archiepiscopus
705 2406 744 2469 de
775 2428 830 2469 suo
861 2405 1020 2489 proposito
1054 2405 1256 2489 desperatus,¹

253 2517 386 2582 festinus
400 2517 440 2580 ad
455 2539 539 2581 mare
561 2516 733 2594 descendit,
757 2522 790 2579 et
813 2515 900 2600 quasi
923 2515 1063 2600 gaudens
1085 2516 1167 2599 quod
1190 2521 1256 2579 tam

253 2626 363 2692 callide
385 2633 539 2712 potestate
566 2625 643 2690 laica
669 2626 875 2710 apostolicum
900 2625 1032 2690 elisisset
1061 2625 1257 2704 mandatum,

254 2737 321 2801 III.
344 2736 415 2801 idus
437 2736 580 2821 Augusti
602 2737 686 2820 apud
708 2736 881 2800 Dovoriem
903 2735 1130 2800 transfretavit.
1176 2738 1256 2800 Prae·

254 2847 342 2912 missi
365 2854 443 2913 sunt
464 2855 571 2912 autem
586 2846 625 2911 ad
649 2868 755 2932 regem
778 2851 816 2910 ut
837 2845 1021 2931 pradictum
1043 2853 1092 2910 est
1113 2848 1259 2912 monachi

253 2959 326 3039 duo,
342 2957 396 3043 qui
411 2966 603 3024 conventum
626 2957 665 3022 ab
687 2957 843 3042 impositis
859 2962 1053 3022 excusarent.
1099 2957 1164 3023 Qui
1186 2980 1269 3022 eum.

253 3071 402 3136 secretius
424 3092 496 3135 cum
518 3093 592 3154 rege
614 3069 652 3133 de
674 3069 836 3133 vocatione
866 3069 1100 3148 monachorum,
1123 3069 1161 3133 de
1194 3069 1257 3152 pri-

254 3181 379 3264 vilegiis
410 3180 607 3259 exhibendis,
629 3181 670 3244 de
702 3179 889 3244 inhibitione
922 3180 1063 3244 mandati
1096 3179 1257 3265 apostolici

253 3290 426 3375 exequendi
457 3291 546 3373 plura
577 3291 760 3375 proferrent,
782 3296 1034 3375 conventumque
1063 3299 1255 3371 excusarent,

253 3401 337 3486 quod
373 3399 419 3464 nil
455 3407 566 3465 contra
604 3422 712 3483 regem
749 3400 800 3464 vei
837 3421 971 3483 regnum
1017 3402 1253 3485 perquisissent,

253 3533 308 3576 rex
330 3511 369 3575 ad
391 3510 498 3575 omnia
519 3510 652 3574 miratus
672 3510 793 3594 juravit
815 3510 848 3574 in
870 3509 965 3575 verbo
987 3511 1073 3594 regio
1095 3513 1177 3596 quod
1201 3535 1257 3576 nec

252 3621 422 3687 monachos
443 3620 642 3685 mandaverit
665 3642 721 3685 nec
743 3620 922 3706 privilegia,
944 3626 978 3684 et
1002 3621 1085 3705 quod
1116 3621 1256 3686 executio

253 3731 397 3797 mandati
411 3730 575 3816 apostolici
589 3754 645 3817 per
665 3753 737 3796 eum
760 3755 824 3796 non
846 3729 980 3797 steterit.
1026 3731 1074 3796 De
1096 3731 1256 3796 invasione

254 3841 352 3908 eciam
374 3841 585 3906 maneriorum
607 3839 782 3925 plurimum
797 3840 882 3905 visus
905 3847 954 3905 est
977 3840 1134 3920 admirari,
1149 3841 1255 3906 dicens

254 3952 521 4037 archiepiscopum
543 3951 577 4015 in
599 3951 745 4016 omnibus
763 3950 823 4030 his,
846 3959 878 4016 et
901 3949 1037 4016 maxime
1059 3951 1092 4015 in
1125 3952 1256 4017 aedifica·

254 4064 341 4130 tione
356 4085 444 4127 novae
461 4059 595 4126 ecclesias
618 4061 757 4124 muitum
779 4083 904 4140 errasse,
920 4084 1011 4145 seque
1033 4061 1133 4126 eidem
1156 4063 1257 4126 archi·

254 4176 395 4260 episcopo
418 4174 457 4237 ad
480 4171 747 4236 constructionem
769 4172 869 4254 operis
892 4173 1072 4256 hujusmodi
1094 4195 1255 4258 nunquam

253 4287 372 4351 dedisse
394 4283 571 4362 consilium,
587 4283 641 4348 sed
663 4281 850 4366 simpliciter
865 4282 1002 4346 canonias
1017 4282 1164 4349 saciendae
1180 4308 1258 4370 prae-

252 4397 357 4462 buisse
373 4416 544 4462 assensum.

517 4531 525 4563 ¹
543 4529 593 4578 His
605 4529 730 4578 demands
741 4543 808 4577 wem
821 4527 875 4577 still
887 4527 998 4578 refused.

732 4618 795 4682 n2
