3286 5142
702 643 810 690 nauus
834 643 870 690 ιι.
1231 625 1292 687 185

288 795 408 878 judicio
444 795 556 883 synodi
595 795 811 860 Landavensis
845 795 989 875 ecclcsiae,
1025 793 1152 860 ccclesia
1182 792 1293 858 Sancti

294 907 433 972 Gundlei
457 909 496 973 de
520 909 614 972 Novo
637 907 746 992 Burgo
761 907 909 972 restituta
923 906 966 971 sit
987 907 1086 973 etiam
1102 911 1205 972 vestra
1220 927 1293 970 auc·
1401 941 1403 946 .

293 1019 421 1084 toritate
444 1018 553 1084 abbati
575 1023 608 1084 et
637 1017 798 1084 monachis
825 1018 1073 1084 Gloucestreusis
1101 1015 1292 1084 monasterii.

292 1129 362 1194 Nos
385 1153 459 1216 ergo
481 1129 637 1216 judicium
659 1129 739 1194 illud
758 1135 864 1194 ratum
887 1130 1048 1208 habemus,
1069 1135 1102 1194 et
1117 1128 1199 1215 quod
1221 1128 1295 1192 inde

292 1241 410 1306 fecistis
424 1242 614 1327 patrocinari
628 1265 684 1328 per
705 1243 812 1308 omnia
826 1242 983 1308 volumus.
1029 1241 1065 1306 si
1086 1263 1160 1307 vero
1175 1240 1294 1305 clavem

293 1353 426 1419 ccclesiae
449 1353 518 1438 quis
533 1354 685 1435 detincat,
699 1359 739 1418 ut
762 1352 888 1434 dicitur,
903 1377 959 1418 vos
974 1353 1014 1418 ad
1029 1353 1187 1418 ecclesiam
1207 1351 1294 1416 illam

292 1462 328 1527 iu
342 1485 473 1546 persona
481 1469 585 1528 vestra
595 1464 760 1543 accedatis,
770 1469 802 1528 et
812 1465 873 1528 nisi
888 1464 1057 1547 sacrilegus
1071 1464 1124 1529 ille
1132 1464 1295 1528 detentam

293 1573 412 1638 clavem
438 1574 619 1655 reddiderit,
634 1598 689 1640 vos
711 1575 830 1640 clavem
845 1599 961 1642 novam
983 1575 1295 1641 nostraauctoritate

293 1685 427 1765 faciatis,
436 1690 469 1750 et
484 1685 644 1751 ecclesiam
658 1686 806 1770 aperiatis
821 1691 854 1750 st
868 1685 1058 1772 corporalem
1072 1687 1294 1752 investituram

293 1796 402 1860 abbati
418 1795 631 1876 Glouccstriae,
646 1802 715 1862 tam
729 1797 906 1862 deecclesia
922 1798 1031 1862 Sancti
1048 1797 1185 1863 Gundlei
1199 1820 1295 1882 quam

292 1906 332 1970 de
347 1906 492 1971 domibus
506 1913 538 1971 et
553 1906 685 1972 officinis
700 1913 733 1972 et
755 1907 902 1972 omnibus
916 1907 956 1972 ad
970 1931 1039 1972 eam
1053 1908 1295 1993 pertinentibus,

294 2016 410 2101 absque
426 2017 577 2102 dilatione
591 2017 775 2085 exhibeatis.
818 2019 863 2083 Et
885 2019 912 2082 si
934 2019 1005 2104 quis
1020 2019 1109 2084 vobis
1131 2019 1293 2100 restiterit,

293 2128 344 2193 vel
367 2128 474 2193 abbati
503 2128 652 2193 beneficia
677 2127 811 2194 ecclesias
838 2129 1018 2210 detinuerit,
1044 2129 1092 2196 vel
1122 2129 1295 2215 quamlibet

294 2239 471 2304 molestiam
485 2240 513 2305 ei
527 2239 724 2324 irrogaverit,
740 2263 795 2306 vos
810 2263 883 2305 eum
903 2240 1109 2306 ecclesiastica
1130 2241 1296 2324 disciplina

294 2351 468 2431 coerceatis,
483 2350 565 2415 etin
587 2350 733 2416 omnibus
754 2351 945 2416 confidenter
959 2351 1073 2436 agatis,
1088 2351 1162 2436 quia
1181 2350 1215 2414 in
1237 2351 1295 2416 hac

294 2483 397 2546 repro
412 2461 539 2526 ecclesia
556 2461 758 2528 Gloucsstriae
767 2463 945 2548 peremnia
960 2463 1048 2530 vobis
1062 2462 1203 2527 validum
1218 2485 1295 2548 prae-

295 2572 449 2637 stabimus
463 2572 682 2659 patrocinium.
727 2574 852 2639 Valete.

296 2745 427 2812 [Another
443 2748 622 2797 confirmation
632 2748 668 2811 by
679 2747 811 2797 Thsobald
821 2751 850 2798 to
861 2747 897 2798 all
908 2763 968 2798 men
979 2749 1009 2799 of
1022 2749 1068 2798 the
1079 2748 1184 2810 chorch,
1195 2750 1296 2799 record·

359 2828 405 2892 ing
413 2829 458 2877 the
465 2828 605 2893 jndgment
613 2829 673 2879 that
681 2830 734 2879 had
744 2831 811 2881 been
822 2830 948 2880 rendered
958 2831 994 2895 by
1004 2831 1046 2880 his
1056 2832 1162 2895 bishops
1170 2831 1197 2880 in
1206 2832 1297 2881 favour

360 2906 391 2955 of
398 2905 443 2955 the
454 2906 534 2956 abbot
546 2907 577 2956 of
586 2905 761 2972 Glonosster]

337 3022 521 3103 Teobaldus,
550 3023 610 3088 Dei
643 3023 748 3108 gratia
775 3023 1009 3089 Cantuarienui
1039 3022 1297 3109 archiepiscopus,

294 3133 396 3199 totius
410 3135 537 3222 anglia
548 3135 675 3220 primas,
684 3133 874 3219 Apostolicae
884 3134 972 3198 Sedis
984 3133 1117 3218 legatus,
1127 3134 1298 3200 venerabili

295 3246 385 3312 fratri
394 3253 427 3311 et
438 3246 537 3312 amico
548 3245 715 3325 Nicholao,
728 3244 927 3309 Laudavensi
938 3243 1091 3328 episcopo,
1101 3249 1133 3310 et
1143 3246 1298 3311 universis

295 3356 364 3420 aliis
389 3358 513 3422 Sanctae
540 3355 686 3420 Ecclesia
709 3353 863 3433 fidelibus,
892 3355 1056 3424 salutem..
1092 3357 1179 3420 Visis
1202 3357 1297 3421 cartis

295 3467 477 3531 monasterii
501 3467 593 3531 Beati
615 3466 702 3532 Petri
719 3465 932 3542 Gloucestriae,
955 3471 987 3532 et
1007 3468 1189 3551 juramento
1214 3467 1297 3532 mul·

295 3583 400 3641 torum
416 3576 546 3642 testium
561 3599 643 3640 sanae
655 3576 812 3660 opinionis
822 3583 950 3662 accepto
962 3599 1055 3661 super
1069 3576 1195 3643 ecclesia
1204 3576 1298 3643 Beati

297 3685 434 3752 Gundlei
447 3688 486 3752 de
506 3689 601 3752 Novo
616 3688 737 3770 Burgo,
747 3709 786 3751 ex
801 3688 915 3772 quibus
935 3711 1007 3753 cum
1022 3688 1209 3772 aliquotiens
1223 3711 1297 3754 con·

295 3797 445 3862 troversia
465 3797 500 3862 iu
520 3807 628 3862 nostra
646 3797 811 3882 prasentia
834 3799 917 3862 inter
931 3799 1129 3864 Willslmum
1150 3799 1298 3866 comitem

297 3909 499 3974 Glouoestriae
521 3913 555 3973 et
578 3908 787 3973 Hamelinum
809 3909 956 3974 abbatem
977 3910 1100 3994 praefati
1115 3911 1297 3976 monasterii

295 4041 387 4104 super
412 4019 518 4084 eadem
541 4018 668 4084 ecclesia
690 4017 814 4103 agitata
836 4019 956 4099 fuisset,
971 4019 1186 4106 intelligentes
1210 4021 1297 4087 illam

295 4130 455 4196 ecclesiam
473 4131 579 4216 adjus
597 4129 759 4216 jamdicti
782 4133 965 4197 monasterii
987 4131 1152 4216 pertinere,
1167 4135 1297 4200 consilio
1409 4177 1417 4186 ·

295 4242 519 4308 venerabilium
545 4249 735 4323 nostrorum,
750 4241 896 4308 videlicet
920 4243 1047 4308 Hillarii
1073 4244 1297 4328 Cyeestrensis,
1420 4298 1423 4304 .

295 4358 328 4420 et
353 4354 483 4420 Roberti
510 4354 740 4432 Batboniensis,
774 4359 806 4419 et
831 4353 965 4419 Jocelini
996 4353 1241 4437 Sareabiricnsis,
1265 4363 1297 4421 et
