3280 5132
729 677 837 722 aanor
860 678 882 723 1.
1266 661 1307 722 89

310 880 438 965 [Annon
453 881 609 944 amaus
623 902 651 944 o.
667 879 750 944 Mure
773 898 813 943 or
829 880 988 945 STANTON.
1035 882 1248 948 1105-1107
1261 879 1307 965 ?]¹

516 1031 596 1098 [wat
607 1032 638 1082 of
645 1036 762 1094 trespass
773 1031 814 1081 for
824 1032 952 1096 breaking
962 1047 978 1082 a
990 1031 1094 1097 onina]

305 1160 487 1238 Hammona,
512 1181 565 1224 rex
592 1159 728 1244 Angliae,
753 1159 883 1243 Nigello
906 1159 945 1224 de
971 1158 1050 1223 Oilli
1072 1164 1105 1224 et
1129 1157 1306 1225 Willielmo

302 1270 480 1335 vicecomiti
504 1271 543 1334 de
569 1269 758 1348 Oxeneford,
788 1270 934 1335 salutem.
980 1270 1130 1354 Praecipio
1155 1271 1332 1336 vobisut

301 1381 425 1446 faciatis
439 1380 547 1446 abbati
562 1382 600 1446 de
615 1380 813 1446 Abbendona
833 1381 1005 1465 plenariam
1028 1381 1252 1474 rectitudinem
1266 1383 1306 1448 de

301 1491 427 1556 exclusa
441 1515 498 1555 sua
512 1514 608 1577 quam
621 1490 763 1556 homines
777 1491 816 1557 de
831 1493 1010 1557 Estantona
1023 1493 1196 1577 fregerunt,
1212 1494 1305 1559 etita

300 1623 340 1666 ne
355 1602 492 1688 amplius
507 1601 580 1668 inde
594 1603 762 1668 clamorem
780 1603 907 1667 audiam
933 1626 990 1688 pro
1015 1603 1092 1668 recti
1114 1605 1256 1689 penuria,
1271 1614 1305 1671 et

300 1713 360 1778 hoo
383 1737 476 1798 super
491 1715 533 1780 X.
548 1713 643 1778 librae
666 1714 880 1779 forisfactura.
925 1716 1017 1780 'Peste
1043 1715 1204 1781 Rannulfo
1228 1739 1303 1782 oan-

299 1825 446 1904 ccllario;
469 1825 553 1909 apud
567 1825 901 1890 westmonasterium.

333 1986 387 2034 The
404 1985 489 2034 editor
505 1985 535 2034 of
546 1985 592 2034 the
602 1985 741 2048 Abingdon
758 1985 893 2036 Chroniolo
910 1991 1032 2050 suggestu
1049 1987 1093 2037 the
1109 2002 1173 2052 year
1189 1989 1255 2040 1105
1270 2005 1303 2041 aa

299 2064 346 2112 tho
356 2062 418 2111 date
429 2061 459 2110 of
471 2062 525 2110 this
536 2062 589 2112 and
600 2063 644 2110 the
656 2061 789 2125 following
800 2064 876 2122 writ3
893 2063 942 2112 bnt
953 2064 1092 2126 according
1102 2067 1130 2114 to
1149 2065 1214 2115 ane
1227 2067 1301 2127 (lab.

301 2139 361 2188 Gur.
374 2139 411 2200 ὅ),
420 2137 526 2197 Rannlf,
537 2140 597 2187 who
607 2139 745 2188 witneesca
760 2139 807 2187 the
823 2140 906 2188 above
917 2140 978 2188 writ
988 2156 1019 2190 aa
1030 2140 1185 2202 ohanoellor,
1197 2142 1243 2191 did
1253 2147 1301 2194 not

300 2217 404 2265 become
416 2215 561 2264 ohanecllor
571 2215 613 2263 till
624 2215 695 2267 1107.
732 2215 815 2265 These
825 2217 900 2265 write
910 2231 955 2264 ure
966 2216 1070 2281 worthy
1080 2208 1111 2267 of
1118 2219 1203 2269 notu'oe
1214 2234 1244 2271 aa
1255 2221 1301 2270 the

299 2295 440 2355 prototypo
451 2289 481 2340 ol
488 2291 533 2340 the
545 2290 605 2341 wn't
616 2290 644 2340 of
655 2295 771 2354 tmepoaa
782 2307 860 2352 quoae
871 2291 986 2341 cloacam
992 2294 1079 2356 sreait.

499 3008 605 3090 [Sana
627 3008 775 3075 Pinnae.
824 3015 1094 3100 1105-1107?]2

623 3168 712 3235 [Aliae
723 3173 783 3222 urit
795 3173 972 3241 ostracinem]

296 3315 481 3399 Haemona,
495 3343 549 3385 rex
573 3321 711 3406 Angliae,
726 3323 900 3390 Willielmo
915 3327 1093 3392 vicecomiti
1113 3328 1153 3393 de
1172 3329 1297 3394 Oxene·

295 3426 376 3507 ford,
392 3429 538 3496 salutem.
584 3432 646 3497 Fac
661 3433 724 3498 cito
739 3441 773 3500 et
787 3435 854 3500 aine
875 3460 963 3502 mora
987 3437 1111 3523 plenam
1135 3439 1295 3523 justitiam

296 3537 416 3602 Faritio
431 3540 539 3604 abbati
553 3540 592 3606 de
607 3542 789 3608 hominibus
805 3544 843 3609 de
872 3545 1039 3626 stantona,
1053 3547 1109 3633 qui
1134 3550 1297 3633 fregerunt

294 3647 452 3744 exclusam
469 3672 570 3728 auam,
586 3652 680 3716 etita
693 3675 734 3717 ne
749 3653 821 3718 inde
835 3656 970 3740 amplius
988 3679 1046 3742 pro
1066 3657 1144 3722 recti
1165 3659 1297 3742 penuria

294 3756 461 3822 clamorem
484 3758 622 3838 audiam,
637 3783 730 3844 super
755 3762 797 3826 X.
823 3762 920 3828 libras
943 3765 1157 3833 forisfactura.
1201 3771 1297 3836 'Peste

294 3868 425 3933 Eudone
439 3867 598 3953 dapifer03
621 3869 706 3954 apud
721 3871 951 3940 Corneberiam.

372 4056 380 4087 ¹
398 4057 414 4106 2
426 4056 496 4106 Hiar.
508 4055 577 4104 Mon.
588 4055 702 4121 Abingd.
714 4055 747 4106 92
759 4059 831 4120 (Rco.
843 4058 936 4124 Com).
1149 4064 1159 4097 ¹
1177 4066 1218 4116 Ib.
