3286 5142
730 640 839 685 unnnr
862 638 898 684 11.
1255 621 1315 684 18³

318 790 388 853 tria
414 798 447 856 et
473 793 635 857 monachis
663 791 825 857 eeclesiam
855 790 966 856 Sancti
997 791 1145 871 Gundlei,
1170 796 1204 856 et
1233 789 1316 876 quod

318 901 522 968 Herewaldus
558 909 635 969 tunc
666 901 882 968 Landavensis
916 901 1090 987 episcopus,
1119 925 1138 966 a
1169 900 1316 966 manibus

319 1011 449 1088 Roberti
472 1015 510 1080 de
535 1015 629 1100 Haya
650 1019 807 1100 receptam
830 1013 938 1078 abbati
962 1013 1086 1078 Serloni
1112 1012 1316 1078 Glouceetriae

319 1123 461 1202 tradidit,
473 1130 506 1189 et
521 1147 593 1189 eum
615 1125 690 1190 inde
711 1123 860 1189 canonice
881 1123 1058 1190 investivit.
1105 1125 1218 1190 Sedet
1239 1123 1318 1190 alios

318 1234 396 1300 duos
419 1236 489 1320 ejus
513 1236 694 1301 audivimus
717 1240 814 1300 testes
837 1235 952 1319 laycos,
967 1255 1040 1300 cum
1064 1257 1127 1301 uno
1150 1236 1317 1315 sacerdote,

317 1347 523 1412 testificantes
538 1371 570 1414 se
584 1348 699 1413 vidisse
722 1347 892 1412 monachos
913 1346 949 1410 in
970 1346 1162 1431 possessione
1183 1341 1318 1413 ecclesia

320 1458 429 1522 Sancti
454 1458 604 1538 Gundlei,
618 1465 653 1524 et
674 1459 797 1524 eosdem
820 1459 990 1524 monachos
1006 1458 1127 1524 fructus
1150 1459 1318 1544 percipere,

317 1574 350 1633 et
371 1568 453 1653 quod
478 1569 537 1633 sub
561 1577 668 1635 nostro
684 1555 977 1653 conspectuteetati
992 1574 1078 1648 sunt,
1093 1575 1319 1655 consequenter

313 1679 495 1764 juramento
511 1679 785 1744 confirmaverunt.

362 1792 432 1855 Ista
446 1789 626 1868 audivimus
641 1797 674 1854 et
689 1788 840 1868 vidimus,
851 1792 885 1853 et
898 1788 964 1852 haec
979 1794 1144 1869 testamur,
1159 1794 1231 1856 etc.¹

352 1936 497 2004 [Theobald
507 1941 611 2000 reports
619 1936 678 1986 that
688 1935 722 1986 he
732 1951 799 2000 gave
806 1935 946 2000 judgment
956 1935 1132 2001 accordingly,
1143 1937 1194 1987 bnt
1203 1938 1264 1988 that
1274 1938 1320 1988 tho

318 2016 468 2075 defendant,
487 2017 543 2064 earl
555 2016 585 2065 of
599 2015 639 2075 G..
657 2014 762 2065 refused
775 2013 922 2065 obedience.
955 2014 996 2064 He
1014 2015 1076 2066 aske
1095 2015 1135 2065 for
1152 2030 1186 2064 an
1205 2017 1319 2066 ent'orce·

317 2095 391 2141 ment
401 2093 432 2142 of
439 2094 485 2143 the
491 2089 657 2158 judgment]

361 2207 570 2288 rI'heobaldus,
594 2205 655 2270 Dei
677 2204 783 2290 gratia
799 2204 1037 2270 cantuariensis
1058 2204 1319 2291 archiepiscopus,

319 2319 502 2401 Anglornm
525 2319 657 2404 primas,
673 2316 863 2402 Apostolicae
879 2315 969 2381 Sedis
983 2316 1118 2400 legatus,
1134 2317 1320 2382 venerabili-

318 2429 379 2494 bus
393 2429 545 2495 fratribus
559 2433 592 2493 et
607 2426 716 2492 amicis
732 2427 871 2492 Robcrto
895 2425 1114 2507 Batbonienei,
1129 2431 1162 2492 et
1178 2428 1200 2492 J
1201 2428 1319 2492 ohanni

320 2539 547 2625 Wygorniensi
569 2535 733 2623 episcopis,
756 2535 903 2601 salutem.
950 2535 1045 2602 Quod
1067 2559 1086 2601 a
1110 2537 1201 2603 nobie
1227 2561 1321 2624 super

320 2651 449 2716 ecclesia
471 2650 564 2716 Beati
580 2647 719 2714 Gundlei
740 2652 869 2733 gestum
890 2653 950 2726 est,
974 2653 1007 2712 et
1028 2669 1091 2732 qua
1113 2647 1233 2714 ratione
1253 2671 1322 2714 eam

323 2758 493 2824 Hamelino
514 2759 622 2824 abbati
643 2763 677 2824 et
699 2758 861 2824 monachis
886 2757 1097 2839 Gloucestriee,
1114 2759 1323 2841 restituimus,

321 2871 467 2956 praesenti
482 2871 600 2957 scripto
616 2869 703 2937 vobis
718 2869 944 2954 significamus.

367 2982 527 3048 Quoniam
548 2981 651 3066 igitur
665 2981 719 3046 W.
745 3003 848 3046 comes
864 2980 1068 3047 Gloucestriae
1083 2983 1124 3047 ad
1145 2981 1229 3048 diem
1252 3007 1322 3069 per·

321 3093 523 3178 emptorium,
539 3098 613 3156 ante
635 3097 776 3157 nostram
799 3093 1008 3177 praesentiam,
1024 3093 1153 3159 omnino
1176 3116 1323 3181 apparere

321 3204 522 3289 contempsit,
538 3209 571 3270 et
587 3204 757 3270 Hamelino
771 3204 879 3270 abbati
893 3211 926 3270 et
939 3205 1103 3270 monachis
1119 3205 1324 3273 Gloucestriae

321 3335 416 3396 super
437 3313 566 3378 ecclesia
580 3314 673 3379 Beati
690 3314 830 3380 Gundlei
845 3315 1038 3399 respondere,
1053 3338 1116 3401 qua
1137 3338 1189 3382 eos
1204 3317 1324 3402 injuste

322 3423 527 3509 spoliaverat,
549 3424 709 3489 sententia
735 3424 884 3489 canonica
908 3424 1060 3504 dictante,
1075 3424 1136 3510 ipsi
1161 3426 1269 3492 abbati
1290 3432 1324 3492 et

322 3534 390 3617 ejus
405 3534 567 3598 monachis
588 3534 751 3618 praefatam
773 3533 935 3598 ecclesiam
951 3533 1099 3598 canonice
1113 3534 1323 3603 restituimus.

325 3643 418 3710 Quod
433 3644 672 3729 sipraescriptus
684 3665 787 3708 comes
808 3665 861 3709 eos
876 3648 986 3708 contra
1001 3643 1192 3708 sententiam
1207 3645 1325 3710 diffini-

323 3755 433 3834 tivam,
449 3777 511 3838 qua
525 3754 612 3818 illam
635 3752 795 3818 ecclesiam
818 3753 924 3838 adepti
946 3758 1031 3831 sunt,
1047 3757 1080 3817 et
1101 3775 1121 3818 a
1142 3754 1231 3819 nobis
1253 3755 1326 3821 inde

323 3865 479 3944 investiti,
491 3887 604 3930 vexare
625 3865 867 3950 presumpserit,
883 3863 1090 3930 ecclesiastica
1112 3865 1232 3931 ultione
1253 3889 1326 3932 eum

323 3977 498 4041 secundnm
513 3975 651 4042 officium
666 3975 756 4040 vobis
771 3999 826 4061 per
839 3976 996 4061 dyoecesee
1011 3980 1130 4041 vestras
1144 3976 1327 4061 injunctum

324 4086 490 4152 coerceatis
513 4091 547 4151 et
568 4087 782 4172 compescatis,
798 4092 832 4152 et
851 4085 1042 4151 sententiam
1064 4109 1158 4170 quam
1181 4088 1329 4156 dominus

328 4198 542 4264 landavensis
556 4197 718 4285 epiecopus
730 4197 764 4262 in
773 4219 845 4262 eum
861 4198 975 4262 horum
989 4197 1148 4265 occasione
1163 4200 1330 4285 protulerit

802 4383 810 4418 ¹
822 4384 873 4435 Sic.
