3286 5142
373 623 434 686 loa
623 641 756 686 rmorm
778 639 1123 687 nunno-nonusnurca.

372 794 502 879 plenum
519 792 842 858 nostraauctoritatis
858 793 953 858 robur
967 792 1177 872 concedimus,
1187 801 1220 858 et
1235 791 1382 877 praeiatas

374 905 518 970 ecclesias
544 904 605 989 ipsi
636 904 771 970 ecclesiae
796 903 1000 968 Gloucestriae
1027 904 1173 988 praesenti
1200 905 1317 989 scripto
1347 904 1382 966 in

374 1023 564 1100 perpetuum
581 1015 814 1078 confirmamus.

408 1173 539 1239 [Another
549 1176 601 1224 and
613 1191 683 1225 more
699 1145 819 1225 ralnable
837 1175 928 1225 record
944 1174 973 1225 of
988 1176 1044 1226 thia
1062 1177 1203 1248 litigation,
1221 1179 1328 1227 written
1345 1177 1382 1241 by

375 1252 422 1302 the
438 1252 558 1315 plantis,
570 1252 651 1301 abbot
667 1251 776 1311 Gilbert,
788 1251 857 1300 aster
868 1251 900 1300 he
917 1251 969 1300 had
986 1252 1092 1302 become
1110 1252 1202 1315 bishop
1221 1253 1250 1303 of
1265 1254 1382 1314 Linooln,

379 1331 470 1382 iaalso
481 1331 595 1394 girenin
607 1329 652 1378 the
664 1344 735 1378 same
746 1330 896 1378 connexion
931 1329 958 1378 It
969 1330 992 1379 is
1003 1330 1143 1380 aefollows
1153 1329 1206 1394 :··]
1432 1327 1434 1332 ⁸

423 1453 559 1518 Dilectis
574 1452 634 1517 sibi
646 1452 679 1516 in
692 1452 830 1516 Domino
840 1452 994 1518 universis
1007 1454 1131 1518 Sanctae
1139 1454 1287 1520 Ecclesiae
1298 1453 1383 1534 filiis,

378 1564 476 1630 frater
492 1564 666 1642 Gilbertus,
683 1562 913 1628 Londoniensis
929 1563 1063 1629 ecclesiae
1078 1564 1233 1644 minister,
1245 1564 1383 1629 salntem

378 1701 448 1762 quae
463 1699 547 1741 nuno
562 1681 620 1756 eet,
636 1682 669 1741 et
680 1697 776 1760 quam
797 1697 959 1758 speramus
977 1675 1158 1742 aDomino.
1202 1676 1383 1740 Elabuntur

380 1795 532 1871 tempora,
552 1792 584 1852 et
609 1787 643 1850 in
667 1784 858 1850 oblivionem
884 1785 987 1850 multe
1008 1787 1208 1870 pertrahunt,
1234 1809 1303 1871 qnae
1321 1786 1383 1850 nisi

384 1898 509 1983 scriptis
524 1897 731 1983 excipiantur,
747 1896 787 1961 ad
802 1897 984 1962 memoriam
999 1919 1064 1961 non
1077 1896 1169 1962 facile
1183 1897 1386 1963 reducuntur.

380 2009 459 2074 Inde
474 2013 523 2074 est
545 2008 629 2094 quod
649 2007 852 2071 universitati
868 2015 978 2072 vestrae
997 2009 1145 2092 praeeenti
1169 2009 1307 2088 notifico,
1323 2031 1383 2087 me,

379 2120 455 2184 dum
470 2142 578 2184 curam
591 2117 842 2183 Glaucestrensis
856 2119 1002 2193 eeclesiae,
1015 2119 1219 2204 permittente
1235 2119 1383 2193 Domine,

378 2230 645 2309 administrarem,
661 2229 694 2294 in
710 2230 907 2317 inquirendis
921 2235 954 2294 et
965 2229 1160 2315 requirendis
1174 2231 1244 2316 ejus
1258 2252 1381 2316 posses·

378 2341 520 2406 sionibus
528 2341 665 2406 exofficii
675 2341 811 2427 suscepti
820 2341 1071 2407 debitodebitem
1081 2341 1323 2406 sollicitudinem
1329 2341 1385 2406 ad·

381 2451 531 2532 hibuisse,
544 2459 655 2517 ettam
665 2475 703 2518 ex
712 2461 870 2518 cartarum
879 2453 1076 2540 quarundam
1086 2453 1280 2538 inspectione
1289 2476 1385 2538 quam

379 2563 479 2629 totius
489 2563 1385 2651 etiamconventusGloucestriaealiarumqucpersonarum

380 2675 648 2762 quamplurimum
664 2675 878 2756 attestatione,
889 2675 1055 2740 manifeste
1070 2675 1255 2759 cognovisse
1264 2674 1384 2739 Robor-

379 2793 451 2851 tum
475 2787 618 2867 Gernun,
640 2787 716 2850 dum
731 2787 841 2851 villam
860 2787 899 2850 de
919 2785 1149 2852 Wirecesburia
1171 2791 1204 2852 et
1218 2785 1328 2851 villam
1345 2784 1384 2850 de

380 2897 614 2961 Laverkestoke
638 2896 730 2983 pleno
754 2897 825 2981 jure
847 2903 879 2962 et
894 2897 1021 2981 integro
1044 2896 1183 2962 dominio
1198 2895 1385 2981 possideret,

380 3007 565 3092 priusquam
575 3006 674 3071 honor
689 3007 753 3086 ille,
763 3008 817 3091 qni
832 3007 954 3071 dudum
970 3007 1033 3072 suit
1045 3008 1177 3073 Roberti
1192 3008 1334 3086 Gernnn,
1344 3007 1385 3071 ad

381 3116 580 3181 Willelmnm
595 3117 634 3181 de
643 3117 839 3182 Muntfichet
848 3125 970 3203 patrem
981 3118 1118 3184 Gilberti
1131 3119 1170 3184 de
1186 3119 1383 3184 Mnntfichet

381 3226 548 3291 devolutus
557 3232 649 3305 esset,
659 3226 801 3292 ecclesias
814 3228 884 3312 jam
898 3228 1055 3293 dictarum
1070 3229 1217 3294 villarum
1230 3230 1385 3294 Wireoes·

382 3338 469 3404 biriee
491 3336 620 3416 scilicet,
636 3344 668 3403 et
690 3339 933 3418 Laverkestoke,
949 3340 1084 3404 ecclesiae
1106 3340 1220 3406 beatri¹
1235 3340 1325 3406 Petri
1347 3340 1386 3408 de

383 3449 580 3515 Gloucestria
588 3450 783 3528 concessisse,
792 3457 826 3514 et
837 3473 944 3535 regem
956 3451 1130 3516 Henricum
1146 3451 1286 3536 primum
1301 3451 1384 3517 hano

326 3581 333 3594 ·
382 3560 726 3648 ejuedonationem,sub
737 3562 839 3626 multa
848 3562 1001 3626 nobilium
1012 3562 1103 3646 regni
1112 3564 1161 3627 sni
1171 3563 1385 3644 attestatione,

382 3679 470 3738 carta
491 3696 548 3737 sua
567 3678 611 3772 et.
621 3671 726 3756 sigillo
750 3672 972 3737 corroborasse.
1017 3672 1197 3738 Attendene
1222 3674 1330 3760 itaque
1353 3680 1387 3739 et

383 3784 555 3848 multorum
570 3783 776 3848 attestatione
791 3804 982 3867 cognoscens
994 3783 1156 3848 ecclesiam
1170 3784 1386 3865 Glouoestriae,

382 3896 435 3960 cui
450 3900 527 3958 tune
550 3916 710 3978 praeeram,
727 3899 915 3958 memoratas
936 3893 1080 3959 ecclesias
1103 3917 1123 3958 a
1143 3899 1285 3980 tempore
1302 3897 1386 3982 regis

385 4006 516 4072 Henrici
532 4027 631 4090 usque
654 4004 692 4068 ad
708 4012 835 4089 tempus
853 4005 937 4089 regis
954 4005 1119 4090 Stephani,
1138 4029 1201 4091 quo
1216 4030 1280 4091 pax
1296 4010 1386 4092 regni

382 4117 512 4179 turbata
537 4122 597 4194 est,
621 4115 803 4200 possedisse,
827 4115 992 4180 dominum
1010 4117 1107 4180 etiam
1132 4117 1384 4183 Lincolniensem

384 4225 422 4290 ad
447 4225 570 4288 abbatis
603 4233 635 4288 ct
667 4231 843 4290 conventus
871 4225 1076 4291 Gloncestriae
1109 4229 1386 4312 praesentationem

839 4377 847 4412 ¹
865 4379 936 4428 beati
