3298 5162
359 666 421 726 292
769 677 940 722 areanum.

357 832 461 888 afflixit.
497 830 644 888 Christiani
664 849 747 902 reges,
767 829 812 902 qui
831 833 893 884 autc
906 849 948 885 me
960 831 1147 904 regnaverant,
1160 827 1294 884 ecclesiam
1309 826 1361 883 Dei

357 919 522 980 amaverunt,
547 913 692 969 honoribus
716 917 743 968 et
767 913 852 969 xeniis
880 914 960 969 multi
986 915 1090 984 generis
1115 911 1360 983 locupletaverunt;

357 1003 428 1057 unde
440 1021 519 1066 nunc,
529 1006 559 1056 ut
569 1001 745 1064 oredimus,io
759 1020 863 1055 amona
876 1001 936 1056 seda
949 1003 1016 1058 felici
1030 1000 1204 1057 retributione
1213 1001 1362 1072 gaudentes

357 1089 534 1161 requiescunt.
570 1088 732 1144 Adelbertus
754 1093 780 1144 et
793 1089 915 1143 hiduinus
929 1110 958 1144 ac
972 1093 1085 1145 Sanctus
1098 1088 1247 1151 oswaldus,
1263 1087 1361 1144 Athal-

358 1173 401 1228 fus
422 1191 452 1227 ao
474 1171 769 1236 Aliredus‚Edwa1-dus
789 1171 877 1226 senior
899 1177 926 1227 et
947 1173 1080 1240 Edgarus,
1093 1177 1274 1242 cognatusque
1287 1190 1362 1225 mens

358 1259 385 1310 et
404 1255 556 1310 carissimus
577 1255 703 1310 dominus
723 1254 870 1308 Edwardus
889 1255 1019 1310 dederunt
1038 1275 1099 1326 opes
1113 1255 1237 1310 Ecclesiae
1250 1255 1362 1315 saneta,

359 1358 418 1410 quar
440 1343 480 1394 est
500 1358 597 1410 sponsa
619 1339 677 1393 Dei.
714 1339 752 1392 Et
772 1337 854 1392 frater
875 1357 958 1402 meus,
980 1341 1021 1393 cui
1045 1339 1129 1392 totius
1154 1339 1229 1408 regni
1250 1337 1362 1391 tutelam

359 1422 550 1484 commendavi,
563 1421 693 1475 violenter
711 1439 773 1492 opes
785 1419 908 1491 diripuit,
921 1422 1062 1476 crudeliter
1081 1441 1209 1492 pauperes
1222 1421 1363 1492 oppressit,

359 1509 455 1564 frivola
472 1528 518 1580 spe
529 1508 630 1564 milites
643 1507 710 1562 mibi
729 1507 867 1578 surripuit,
881 1513 1020 1580 totumque
1036 1527 1149 1580 regnum
1168 1508 1277 1580 injustis
1289 1526 1362 1561 exno-

361 1595 480 1651 tionibus
492 1596 645 1651 concutiens
661 1595 817 1666 exsgitavit.
854 1597 925 1663 Quid
939 1597 999 1652 inde
1012 1596 1145 1668 agendum
1164 1596 1201 1650 sit
1213 1599 1289 1650 cauta
1300 1613 1363 1649 oon·

360 1683 482 1747 siderate,
494 1683 609 1747 etmihi,
622 1701 719 1754 quaese,
732 1682 893 1738 insinuatc.'’

396 1772 517 1843 Cumque
535 1789 625 1826 omnes
643 1775 749 1826 tautum
764 1771 851 1826 virum
870 1772 1004 1834 timerent,
1017 1776 1045 1826 et
1059 1771 1220 1826 sententiam
1240 1770 1267 1824 in
1287 1768 1363 1823 illum

361 1860 476 1931 proferre
488 1858 651 1922 dubitarent,
664 1858 854 1930 magnanimus
872 1878 917 1914 rex
936 1859 990 1914 ait:
1011 1865 1026 1888 “
1037 1858 1125 1913 Noxia
1143 1859 1278 1912 temeritas
1296 1875 1363 1910 sem-

360 1966 408 2018 per
425 1946 621 2019 comprimenda
633 1949 681 2010 est,
695 1964 742 1999 nec
760 1946 807 1999 uni
826 1947 858 1999 ad
872 1946 1062 2000 detrimentum
1081 1945 1231 2017 reipublicae
1249 1964 1295 2016 pro
1314 1944 1363 1998 ali·

360 2053 412 2106 quo
431 2034 519 2088 favore
537 2032 696 2104 parcendum
716 2036 763 2086 est.
803 2032 884 2087 Hunc
901 2051 965 2102 ergo
978 2033 1074 2093 virum,
1087 2033 1132 2104 qni
1146 2037 1245 2086 terram
1264 2031 1364 2094 turbat,

360 2121 591 2192 comprehendite;
616 2124 651 2184 et,
670 2137 703 2174 ne
722 2119 749 2174 iu
771 2120 887 2174 deterius
907 2121 1059 2191 praevaleat,
1079 2120 1189 2174 solerter
1209 2119 1364 2174 custodite.”

361 2211 482 2281 Cumque
504 2207 593 2262 nullus
614 2207 642 2260 in
667 2207 819 2278 episcopum
843 2207 952 2263 auderet
973 2207 1081 2278 injicere
1102 2225 1221 2269 manum,
1243 2225 1287 2260 rex
1309 2207 1365 2277 ipse

361 2297 463 2369 primus
476 2295 651 2367 apprehendit
663 2315 731 2350 eum.
770 2295 821 2349 Illo
836 2299 925 2350 autem
945 2295 1122 2350 reclamante:
1142 2294 1283 2350 “Clericus
1296 2313 1365 2356 snm,

361 2390 389 2440 st
410 2385 531 2438 minister
553 2383 680 2448 Domini;
708 2401 760 2438 non
782 2382 844 2438 licet
865 2383 1015 2454 pontificem
1038 2383 1165 2436 damnare
1187 2382 1244 2436 sine
1262 2380 1365 2450 judicio

361 2491 435 2544 papas
444 2471 472 2536 ;’'
486 2469 611 2541 providus
620 2489 666 2524 rex
675 2469 729 2525 ait:
743 2470 823 2540 “Ilgo
836 2489 889 2524 non
902 2470 1023 2524 clericum
1039 2489 1086 2524 neo
1099 2469 1248 2523 antistitem
1259 2467 1365 2532 damno,

361 2559 406 2615 sed
419 2557 540 2613 comitem
554 2555 663 2619 meum,¹
676 2575 754 2628 quam
773 2575 832 2610 meo
845 2557 900 2610 vice
912 2575 972 2610 mea
990 2555 1120 2627 praeposui
1133 2573 1223 2626 regno,
1236 2555 1366 2609 rationem

360 2645 506 2704 commissae
518 2643 687 2699 villicationis
700 2643 791 2698 audire
804 2642 894 2698 volens
907 2641 1126 2714 comprehendo.’'

397 2732 441 2788 Sic
461 2732 533 2802 regia
554 2734 670 2802 potestas
691 2731 832 2802 praelatum
854 2729 993 2801 praesulem
1015 2729 1093 2800 cepit,
1115 2729 1143 2782 in
1166 2727 1365 2782 Narmanniam

361 2820 454 2876 deduci
466 2820 536 2882 feeit,
555 2825 582 2874 et
598 2819 626 2873 in
646 2836 704 2872 arca
723 2817 913 2888 Rotomagensi
925 2816 1106 2880 incarceravit,
1119 2815 1209 2886 ibique
1229 2815 1365 2869 intrusum

361 2911 474 2979 quatuor
492 2906 577 2970 annis,
595 2905 623 2959 id
642 2910 683 2959 est
701 2924 785 2976 usque
804 2905 837 2958 ad
852 2903 930 2958 finem
944 2903 1007 2959 vitae
1026 2905 1098 2958 suae‘
1117 2901 1261 2974 diligenter
1278 2905 1364 2956 custo-

361 2995 438 3048 divit.

397 3097 525 3166 Compare
544 3094 601 3148 The
622 3093 699 3164 King
716 3111 741 3149 c.
761 3092 863 3164 Bishop
876 3092 1004 3158 William,
1019 3099 1091 3165 post,
1107 3113 1134 3165 p.
1147 3091 1216 3158 307;
1236 3093 1291 3148 also
1309 3093 1366 3147 Tha

363 3183 440 3254 King
452 3201 477 3238 a.
491 3182 606 3236 Thomas
619 3179 636 3235 h
650 3181 756 3245 Becket,
769 3187 842 3246 onte,
855 3199 880 3252 p.
893 3181 954 3235 213.

398 3479 407 3512 ¹
421 3477 491 3531 That
504 3475 535 3540 ia,
548 3495 577 3529 aa
589 3473 643 3530 carl
656 3471 686 3527 of
697 3472 770 3526 Kent
782 3471 873 3536 ;—tbe
884 3469 1106 3540 suggestionum
1119 3465 1247 3536 unlilrely,
1256 3467 1287 3520 of
1294 3465 1365 3520 Isau·

362 3565 443 3628 franc,
457 3583 486 3618 as
498 3562 526 3616 in
540 3563 587 3617 the
600 3579 657 3616 case
670 3559 702 3613 of
712 3559 806 3629 bishop
819 3557 946 3621 Willinm,
956 3561 1029 3626 post,
1042 3575 1067 3626 p.
1081 3555 1143 3609 309.

397 3652 478 3706 'The
496 3650 586 3722 lriap's
603 3649 638 3702 lii
655 3691 661 3702 .
698 3647 756 3702 Odc
776 3664 829 3700 was
847 3643 962 3699 released
982 3644 1010 3696 in
1030 3642 1075 3696 the
1093 3641 1184 3712 tring's
1200 3640 1253 3695 last
1264 3639 1365 3703 illusas,

361 3739 424 3811 only
442 3742 471 3793 to
492 3755 572 3808 prove
592 3755 621 3790 aa
639 3732 816 3789 tmublesome
834 3731 885 3786 and
905 3730 1054 3800 dangerous
1072 3746 1101 3782 as
1120 3727 1216 3782 before.
1253 3725 1301 3780 See
1319 3725 1365 3780 the

361 3846 419 3884 case
432 3825 462 3880 os
473 3824 568 3894 hisbop
580 3821 707 3884 William,
718 3825 791 3890 port,
804 3838 829 3890 p.
843 3819 904 3872 308.
