3280 5132
352 655 394 716 46
599 671 734 716 rnacrrs
757 670 1108 716 annm-nonununrcn.

353 826 511 890 noberta
527 825 639 889 Melet.
688 825 891 890 Hertesmera
905 823 1053 888 hundret.
1099 827 1139 891 In
1160 827 1265 906 Acolt,
1279 827 1356 892 XX.

351 959 438 1002 acras
453 941 540 1002 tenet
556 937 697 1002 Brictere
712 937 791 1002 liber
813 937 907 1002 homo
924 937 1084 1022 stigandi,
1100 960 1222 1024 semper
1240 938 1268 1004 I.
1284 939 1354 1004 hcr-

351 1049 459 1114 darius
483 1057 516 1115 et
539 1050 626 1115 valet
641 1049 713 1114 XL.
729 1049 760 1113 d.
807 1049 901 1114 Hanc
924 1056 1043 1114 terram
1067 1049 1156 1115 dedit
1180 1049 1357 1135 stigandus

352 1161 448 1226 matri
479 1161 609 1226 Roherti
640 1161 754 1241 Melet,
784 1167 817 1226 et
846 1161 915 1245 ipsa
943 1183 1015 1226 earn
1043 1169 1151 1247 postea
1179 1163 1285 1227 tenuit
1317 1161 1356 1226 de

352 1273 473 1358 regina,
489 1272 580 1338 modo
595 1272 749 1358 episcopo.
794 1271 836 1336 In
855 1273 964 1336 cadem
981 1272 1132 1338 Chericus
1158 1273 1237 1338 liber
1262 1273 1356 1338 horno

352 1384 518 1451 dimidium
534 1383 831 1450 subcommendatus
845 1383 1034 1449 antecessori
1046 1384 1177 1450 Roherti
1194 1384 1308 1464 Malet,
1323 1391 1357 1450 et

353 1495 519 1560 dimidium
530 1494 767 1560 commendatus
779 1495 862 1559 Saxo
874 1495 1060 1560 antecessori
1067 1495 1357 1580 RndulfiPiperelli,

353 1607 426 1672 XX.
439 1629 524 1671 acras
540 1611 573 1672 et
581 1607 630 1672 II.
642 1605 802 1672 bordarios
817 1613 849 1671 et
865 1607 893 1671 Ι.
910 1603 1089 1672 carucatam
1101 1613 1134 1673 et
1143 1607 1228 1673 valet
1239 1607 1311 1672 XL.
1324 1607 1355 1672 d.

398 1718 544 1803 Biscopes
568 1716 715 1782 hundret.
760 1717 802 1782 In
827 1717 1057 1802 Badingefelda
1079 1723 1192 1784 tenent
1216 1719 1357 1783 Brictcre

353 1835 386 1894 et
400 1828 549 1894 Chericus
564 1827 737 1914 supradicti
754 1828 827 1892 XL.
844 1851 930 1893 acras
946 1829 1126 1913 supradicto
1141 1829 1245 1895 mode.
1268 1831 1357 1894 Tunc

355 1942 380 2006 1.
406 1947 561 2019 carucata,
577 1940 670 2006 modo
690 1939 870 2004 dimidium.
917 1940 1015 2019 Silva,
1040 1941 1113 2006 XL.
1140 1941 1243 2026 porcis
1266 1947 1299 2006 et
1326 1941 1354 2006 1.

352 2052 433 2117 liber
446 2053 540 2116 horno
556 2050 795 2116 commendatus
810 2051 986 2132 Brictrcdo,
1001 2053 1044 2118 V.
1060 2075 1137 2117 acrae
1152 2058 1257 2117 totum
1274 2052 1359 2118 valet

353 2165 425 2230 XL.
441 2163 543 2232 solidi.
581 2163 784 2228 Hertesmera
792 2162 940 2228 hundret.
979 2163 1020 2228 In
1030 2163 1157 2248 Aspala,
1170 2164 1256 2228 IIII.
1269 2163 1358 2229 liberi

353 2276 497 2342 homines
515 2275 554 2340 de
575 2273 673 2338 Rulfo
698 2271 911 2338 commendati
931 2272 1039 2338 abbati
1056 2273 1094 2339 de
1106 2275 1169 2355 Eli,
1186 2283 1218 2340 et
1229 2277 1358 2341 'lhrrsta-

353 2410 413 2452 nns
442 2385 680 2452 commendatus
711 2385 817 2462 Saxa,¹
847 2389 881 2449 et
911 2384 1089 2450 Marculfus
1122 2388 1361 2453 commendatus

353 2497 460 2564 Edrici
481 2495 667 2562 antecessori
678 2494 810 2560 Rcberti
835 2494 949 2574 Melet,
968 2503 1001 2560 et
1016 2495 1194 2562 Grunulfus
1220 2497 1361 2564 subcom-

353 2611 520 2676 mendatus
543 2606 731 2673 antecessori
746 2605 879 2672 Roberti
899 2607 1014 2687 Melet,
1026 2608 1215 2674 LXXXVI.
1231 2632 1308 2674 acrae
1328 2617 1361 2674 et

352 2723 435 2790 VII.
460 2718 607 2786 bordarii.
643 2719 775 2804 Semper
800 2717 868 2781 III.
900 2723 1055 2783 carucata
1083 2720 1132 2786 II.
1158 2742 1236 2786 acrae
1265 2721 1360 2806 prati.

355 2835 487 2917 Semper
501 2830 603 2896 valuit
617 2830 689 2895 XL.
707 2828 810 2894 solidi.
855 2829 904 2892 Ex
920 2828 979 2894 hac
1002 2836 1085 2894 terra
1100 2831 1163 2895 fuit
1178 2831 1361 2896 Willclmus

220 3033 223 3040 Ι
354 2945 458 3010 Melet
473 2942 611 3020 saisitus,
627 2941 672 3005 sic
687 2940 825 3004 hundret
844 2945 982 3004 astatur
997 2947 1168 3027 antequam
1192 2943 1357 3027 episcopus

354 3054 553 3130 Baiocensis3
576 3059 609 3117 et
623 3055 732 3137 postea
746 3050 836 3116 venit
852 3051 1017 3116 Hubertns
1032 3051 1070 3118 de
1087 3055 1196 3134 Portu,
1222 3061 1256 3120 et
1270 3054 1359 3120 dera-

353 3166 632 3236 cionavitliberam
643 3169 760 3228 terram
776 3169 808 3227 et
819 3161 942 3226 saisivit
952 3163 1134 3247 episcopum
1149 3189 1187 3231 ex
1202 3167 1261 3231 hnc
1276 3173 1360 3231 terra

354 3283 438 3370 quod
452 3279 543 3346 liberi
557 3276 699 3342 homines
713 3297 783 3340 eam
800 3273 962 3353 tenebant,
980 3281 1013 3340 et
1038 3275 1088 3340 die
1114 3299 1177 3360 qua
1203 3275 1359 3342 Radnlfus

354 3417 458 3462 comes
487 3387 638 3455 forisfecit
668 3393 769 3450 mater
793 3383 925 3449 Roberti
952 3384 1025 3450 inde
1052 3386 1160 3452 saisita
1184 3393 1252 3452 erat
1277 3394 1358 3454 teste

354 3504 503 3582 hundret,
519 3505 551 3565 et
566 3520 664 3582 usque
680 3495 719 3560 ad
735 3495 888 3580 placitum
904 3494 942 3559 de
959 3495 1133 3576 Hodihanr,
1148 3497 1241 3562 modo
1255 3505 1304 3564 est
1324 3499 1358 3563 in

353 3640 429 3706 pace
440 3611 533 3698 regis,
541 3610 625 3675 sieut
636 3630 690 3673 rex
701 3606 848 3692 praecepit
860 3606 975 3670 iterum
988 3605 1170 3692 episcopum
1179 3615 1212 3674 et
1223 3616 1357 3676 matrem

356 3726 506 3798 Roberti.¹

452 3993 461 4024 ι
480 3987 572 4041 suoi
982 3980 1191 4046 ²aranasny,
1203 3983 1260 4032 450.
