3286 5150
715 653 824 699 nunni
848 653 886 699 ιι.
1233 635 1296 698 239

298 809 434 892 Illcgga,
456 812 489 872 et
511 805 594 892 quod
610 812 660 871 est
682 805 716 869 in
737 804 899 870 hundredo
920 801 1043 870 abbatis
1071 791 1196 889 [Sancti
1218 805 1299 872 AEd·

297 917 426 1002 mundi]
437 965 447 998 ,
486 916 623 1002 contigit
659 916 726 982 lieri
762 915 977 982 homicidium.
1037 915 1192 982 Homines
1227 940 1300 983 vero

298 1027 520 1114 archiepiscopi
540 1027 710 1094 noluerunt
730 1027 807 1112 pati,
823 1032 861 1092 ut
880 1026 929 1092 illi
944 1027 1098 1093 homicide
1120 1032 1240 1093 starent
1261 1028 1301 1094 ad

298 1145 419 1206 rectum
448 1139 482 1203 in
511 1137 597 1203 curia
620 1138 730 1204 Sancti
761 1137 947 1203 AEdmundi.
991 1137 1100 1203 Abbas
1126 1161 1199 1204 vero
1226 1161 1301 1204 oon·

299 1257 427 1336 questus
453 1255 501 1316 est
529 1248 597 1335 regi
629 1249 767 1315 Henrico
796 1250 913 1329 dicens,
942 1249 1026 1334 quod
1054 1248 1302 1336 archiepiscopus

301 1361 500 1428 Baldewinus
530 1361 719 1428 vendicabat
747 1360 808 1426 sibi
837 1360 998 1426 libertates
1028 1360 1154 1426 ecclesie
1187 1367 1303 1439 nostre,

300 1478 433 1558 optentu
461 1479 546 1538 carte
576 1495 656 1538 nove
686 1494 780 1558 quam
810 1493 864 1536 rex
893 1469 1022 1536 dederat
1057 1469 1184 1536 ecclesie
1216 1471 1301 1536 Can·

300 1584 452 1650 tuariensi
477 1590 550 1669 post
574 1577 709 1650 mortem
726 1582 835 1647 Sancti
859 1582 988 1646 Thome.
1034 1581 1103 1646 Rex
1127 1587 1233 1648 autem
1256 1604 1303 1648 re·

301 1695 440 1780 spondit,
465 1718 497 1760 se
523 1716 685 1780 nunquam
710 1693 820 1758 fecisse
846 1699 964 1757 cartam
983 1691 1119 1777 aliquam
1143 1693 1177 1757 in
1199 1694 1302 1778 preju-

301 1807 419 1870 dicium
448 1803 574 1870 ecclesie
603 1810 721 1883 nostre,
746 1825 803 1868 nec
833 1801 958 1893 aliquid,
971 1803 1088 1868 Sancto
1118 1803 1302 1868 AEdmundo

302 1913 383 1978 velle
407 1913 538 1992 auferre,
565 1913 647 1997 quod
671 1911 785 1978 habere
806 1911 937 1977 solebat.
984 1912 1055 1978 Quo
1077 1912 1198 1993 audito,
1220 1913 1303 1978 dixit

302 2024 399 2088 abbas
413 2021 599 2088 consiliariis
620 2022 752 2108 privatis
774 2022 860 2088 suis:
883 2026 904 2060 “
917 2021 1032 2087 Senius
1054 2022 1220 2088 consilium
1243 2029 1302 2104 est,

302 2138 341 2198 ut
369 2131 619 2218 archiepiscopus
653 2137 861 2217 conqueratur
888 2131 927 2198 ds
959 2155 1020 2212 me,
1050 2155 1146 2219 quam
1176 2155 1235 2219 ego
1264 2133 1303 2200 de

303 2242 542 2328 archiepiscopo.
586 2242 669 2309 Volo
684 2265 734 2308 me
745 2264 859 2328 ponere
873 2243 907 2307 in
923 2243 1072 2308 achinam
1094 2243 1188 2328 hujus
1209 2244 1302 2311 liber·

302 2355 390 2434 tatis,
401 2360 515 2440 etpost
529 2376 580 2419 me
594 2353 760 2420 defendam
774 2376 847 2419 cum
863 2353 980 2419 auxilio
994 2354 1104 2420 Sancti
1115 2355 1303 2436 AEdmundi,

303 2463 396 2548 cujus
405 2463 460 2548 jus
474 2463 532 2528 hoc
548 2485 613 2530 esse
628 2469 713 2529 carte
728 2469 833 2528 nostre
854 2464 1048 2529 testantur?
1093 2464 1206 2530 Subito
1228 2487 1304 2549 crgo

304 2597 428 2638 summo
441 2596 542 2654 mane,
554 2580 741 2658 procurante
753 2573 892 2638 Roberto
907 2574 945 2639 de
955 2573 1116 2655 Cohefeld,
1128 2574 1304 2640 missisunt

304 2684 429 2749 circiter
443 2690 555 2769 quater
569 2684 644 2750 XX.
660 2683 804 2748 homines
819 2684 934 2749 armati
950 2684 990 2748 ad
1005 2685 1114 2749 villam
1129 2685 1168 2750 de
1178 2686 1302 2772 Ilegga,

304 2799 396 2858 etex
418 2793 579 2878 inopinato
594 2799 743 2878 ceperunt
757 2793 827 2858 illos
848 2799 913 2859 tres
935 2794 1106 2859 homicidas
1128 2802 1161 2860 et
1183 2796 1298 2880 ligatos

306 2904 465 2969 duxerunt
484 2902 524 2968 ad
545 2903 698 2969 Sanctum
719 2903 950 2983 AEdmundum,
965 2908 999 2968 et
1020 2903 1055 2969 in
1077 2904 1214 2970 fundum
1236 2929 1302 2972 car-

304 3015 381 3080 ceris
403 3014 611 3100 projecerunt.
650 3015 867 3099 conquerente
889 3014 962 3080 inda
982 3014 1221 3102 archiepiscopo,
1239 3019 1303 3083 Ra·

303 3125 411 3190 nulfus
427 3125 465 3190 de
483 3125 644 3190 Glanvilla
660 3126 855 3209 justiciarius
876 3127 1024 3213 precepit,
1040 3134 1078 3192 ut
1092 3129 1235 3194 homines
1256 3129 1305 3194 illi

304 3241 494 3321 ponerentur
509 3257 564 3319 per
578 3234 706 3300 vadium
721 3241 754 3302 et
775 3236 895 3322 plegios
910 3236 951 3302 ad
964 3238 1113 3303 standum
1128 3240 1167 3304 ad
1183 3247 1304 3307 rectum

304 3346 338 3410 in
350 3345 439 3410 curia
452 3367 515 3431 qun
528 3344 677 3411 deberent
692 3352 784 3425 stare,
799 3353 833 3412 et
850 3349 1061 3412 summonitus
1075 3356 1124 3414 est
1138 3351 1244 3433 abbas,
1267 3358 1306 3418 ut

304 3454 427 3521 reniret
449 3454 490 3518 ad
515 3453 634 3518 curiam
658 3455 752 3538 regis,
779 3478 984 3540 responsurus
1008 3456 1048 3521 de
1072 3459 1105 3522 vi
1125 3465 1158 3524 et
1177 3460 1303 3545 injuria,

304 3589 400 3652 quam
415 3565 578 3631 dicebatur
596 3563 704 3629 fecisse
726 3565 964 3651 archiepiscopo.
1010 3568 1119 3632 Abbas
1141 3592 1214 3635 vero
1236 3573 1304 3638 sine

304 3675 392 3741 omni
414 3674 526 3742 exonio
544 3699 577 3742 se
599 3675 715 3760 pluries
737 3677 938 3759 presentavit.
984 3678 1125 3744 Tandem
1140 3679 1173 3742 in
1189 3681 1302 3766 Capite

307 3787 425 3872 Jejuuii
440 3791 597 3852 steterunt
612 3807 716 3851 coram
731 3809 805 3871 rege
825 3785 858 3849 in
874 3786 1012 3873 capitulo
1028 3790 1258 3874 cantuariensi,
1270 3801 1304 3860 et

304 3899 385 3964 lecte
409 3903 487 3963 sunt
509 3897 615 3982 palam
640 3902 726 3964 carte
751 3897 950 3964 ecclesianam
974 3898 1049 3964 hinc
1074 3906 1106 3965 et
1131 3900 1216 3970 inde.
1259 3906 1304 3971 Et

304 4007 465 4094 respondit
479 4007 626 4073 dominus
641 4030 697 4074 rex
709 4031 717 4074 :
742 4014 763 4044 ‘¹
772 4009 838 4074 Iste
852 4014 937 4074 carte
952 4010 1089 4095 ejusdem
1104 4014 1305 4099 antiquitatis

306 4126 381 4188 sunt
396 4125 429 4186 et
443 4118 482 4185 ab
497 4118 604 4185 eodem
620 4141 694 4205 rege
710 4119 879 4185 AEdwardo
893 4127 1053 4186 emanant.
1098 4123 1213 4189 Nescio
1229 4127 1305 4209 quid

305 4233 428 4298 dicam:
450 4230 514 4297 nisi
527 4235 565 4295 ut
586 4235 669 4296 carte
691 4229 887 4297 adinvicem
910 4233 1088 4317 pugnent.”
1132 4234 1193 4300 Cui
1208 4237 1305 4303 abhas

306 4343 405 4409 dixit:
443 4341 635 4426 “Quicquid
670 4339 709 4406 da
740 4342 835 4408 cartis
871 4341 1003 4424 dicatur,
1033 4366 1090 4409 nos
1126 4345 1159 4412 in
1190 4347 1305 4415 saisina
