3280 5132
383 627 423 688 56
636 649 769 697 amoma
790 653 1138 706 anano-nonnarum.

479 847 617 929 [B1snor
639 870 679 917 or
702 853 853 922 Doannu
876 881 904 924 o.
929 859 1142 929 G1nnnnrnn
1166 865 1288 952 Geren]

424 1008 465 1073 In
492 1009 635 1095 Wilgebi
658 1015 802 1082 hundred
826 1019 944 1086 clamat
972 1022 1136 1110 episcopus
1160 1027 1384 1098 Dunelmensis

253 1129 255 1134 ’
380 1141 473 1203 super
489 1120 702 1190 Gislebertum
725 1126 765 1192 de
788 1129 882 1196 Gand
900 1137 1019 1197 terram
1035 1135 1137 1201 Alnot
1150 1140 1335 1226 presbyteri,
1350 1153 1384 1208 et

379 1227 491 1294 dicunt
502 1231 645 1298 homines
660 1235 697 1300 de
713 1237 841 1325 treding
855 1243 939 1326 quod
954 1265 1119 1330 nunquam
1131 1247 1281 1317 viderunt
1293 1261 1383 1320 ante·

379 1361 530 1406 cessorem
545 1344 682 1431 episcopi
697 1347 793 1414 luisse
807 1350 953 1417 saisitum
962 1376 1063 1440 neque
1074 1380 1130 1441 per
1143 1359 1271 1427 brevem
1280 1385 1382 1451 neque

379 1473 435 1533 per
443 1451 596 1537 legatum,
612 1461 645 1521 et
656 1451 818 1525 testantur
832 1461 871 1528 ad
885 1486 964 1548 opus
980 1465 1162 1536 Gialeberti.

575 2040 714 2123 [Brsuon
736 2061 775 2106 or
799 2043 948 2107 Dunnmr
971 2065 1038 2110 nnn
1059 2047 1180 2132 Eunu]

421 2189 470 2255 De
503 2193 684 2281 calumpnia
721 2197 804 2261 inter
844 2198 1025 2284 episcopum
1062 2200 1308 2267 Dunelmensem
1345 2207 1379 2266 et

377 2300 541 2368 Eudonem
575 2296 677 2370 filium
714 2307 887 2391 Spireuuic‚
916 2317 1127 2394 portaverunt
1155 2312 1376 2378 testimonium

376 2410 519 2479 homines
534 2415 572 2481 de
586 2417 795 2483 Horneoastre
807 2425 968 2504 wapentac
983 2429 1143 2488 annuente
1159 2429 1228 2488 toto
1240 2423 1377 2506 treding,

376 2525 459 2607 quod
486 2527 553 2592 III.
587 2527 699 2593 fratres
735 2529 855 2593 Herold
886 2536 919 2595 et
950 2531 1111 2598 Godeuert
1140 2541 1173 2599 et
1196 2534 1306 2599 Alurio
1329 2535 1376 2599 di·

375 2633 519 2700 viserunt
552 2637 742 2704 dominicam
778 2645 895 2705 terram
932 2641 1032 2726 patris
1071 2644 1120 2708 sui
1152 2645 1315 2728 aequaliter
1342 2651 1377 2710 et

374 2746 524 2830 pariliter,
539 2755 573 2812 et
597 2749 793 2815 solummodo
818 2752 937 2816 Herold
962 2759 994 2818 et
1017 2754 1177 2820 Godeuert
1199 2756 1376 2822 diviserunt

372 2879 476 2921 socam
487 2859 586 2942 patris
601 2859 648 2923 sui
665 2861 732 2926 sine
746 2861 843 2926 tercio
858 2862 963 2944 fratre,
979 2872 1012 2930 et
1025 2866 1179 2950 equaliter
1190 2872 1221 2931 et
1234 2866 1376 2951 pariliter

375 2975 547 3034 tenuerunt
559 2993 626 3034 enm
645 2976 784 3056 tempore
800 2974 883 3056 regis
899 2975 1058 3042 Edwardi.

726 3549 832 3629 [Scan
855 3549 1018 3632 Planina]

414 3711 463 3776 De
478 3733 549 3774 soca
561 3709 620 3774 VI.
637 3709 825 3774 bovatarum
837 3709 920 3774 unde
935 3717 983 3775 est
998 3709 1179 3796 calumpnia
1194 3711 1277 3776 inter
1290 3710 1371 3796 epis·

367 3843 481 3906 copum
516 3826 548 3885 ct
577 3819 741 3884 Eudonem
763 3819 796 3883 in
819 3819 1003 3905 Langetone
1025 3826 1059 3886 et
1087 3821 1121 3886 in
1143 3827 1226 3906 torp,
1259 3821 1372 3886 dicunt

368 3933 511 3997 homines
540 3930 579 3994 de
609 3931 812 4015 Waragehou
836 3937 998 4016 wapentac
1031 3932 1115 4016 quod
1139 3931 1284 4016 praedicti
1307 3931 1370 3995 duo

368 4042 480 4106 fratrea
504 4039 656 4124 equaliter
682 4047 714 4105 et
734 4040 875 4124 pariliter
897 4042 1074 4106 habuerunt
1098 4063 1203 4106 socam
1230 4047 1370 4126 tempore

368 4151 452 4234 regis
467 4149 616 4213 Edwardi
642 4151 694 4214 sed
717 4175 753 4215 eo
773 4174 856 4214 anno
879 4174 941 4236 quo
963 4151 1062 4216 isdem
1085 4174 1139 4216 rex
1162 4157 1307 4216 mortuus
1322 4157 1370 4217 cst

367 4261 425 4327 filii
442 4258 601 4324 Godeuert
625 4260 783 4324 habebant
809 4285 912 4324 socam
937 4268 1049 4342 totam,
1065 4261 1118 4326 sed
1141 4262 1286 4337 nesciunt
1308 4285 1370 4347 qua

365 4372 486 4438 ratione
503 4393 570 4434 cnm
587 4371 756 4450 habebant,
773 4380 881 4435 utrum
901 4373 942 4451 vi,
959 4372 1008 4437 vel
1025 4373 1105 4437 dono
1122 4373 1225 4457 patrui
1247 4374 1305 4440 sui.
