3286 5150
372 667 434 726 260
616 681 748 726 enacim
772 679 1120 726 snum-rouusumos.

679 891 781 978 [Cass
803 911 842 956 or
865 891 1073 979 Arnwsnu.]¹

376 1042 505 1105 [ailward
516 1042 609 1091 breaks
626 1043 682 1090 into
693 1055 710 1090 a
721 1041 886 1105 neighbonr's
898 1041 986 1102 house,
998 1043 1025 1090 iu
1037 1042 1083 1092 the
1094 1041 1202 1092 cwncr's
1213 1043 1332 1100 absence,
1349 1047 1379 1092 to

442 1117 534 1168 collect
550 1121 676 1182 payment
692 1118 722 1166 cf
737 1133 753 1166 a
770 1119 842 1181 debt.
877 1117 960 1181 Baing
977 1119 1135 1179 discovered,
1154 1118 1186 1168 ha
1206 1120 1273 1178 llees,
1285 1118 1338 1168 aud
1356 1119 1380 1168 is

442 1196 540 1258 caught
557 1197 593 1258 by
604 1196 645 1245 his
663 1195 757 1245 debtor
776 1196 828 1243 and
847 1196 935 1244 bound
953 1210 984 1245 as
1000 1211 1017 1245 a
1034 1197 1097 1245 “l'ur
1113 1195 1291 1245 manifestus.”
1326 1195 1381 1244 The

442 1275 550 1322 amount
568 1271 598 1324 of
617 1273 662 1321 the
680 1272 743 1322 dabt
759 1272 837 1335 being
856 1272 941 1333 small,
951 1272 996 1322 the
1008 1272 1108 1331 dabtor,
1119 1287 1153 1322 on
1165 1273 1315 1336 suggestion
1327 1272 1357 1321 oi
1365 1287 1382 1321 a

443 1351 531 1412 publio
548 1363 656 1398 wouser
673 1364 703 1398 or
714 1364 869 1410 summonar,
880 1350 973 1398 named
992 1350 1063 1409 Fulo,
1081 1349 1146 1399 adds
1166 1350 1241 1398 other
1260 1348 1378 1399 criminal

444 1427 561 1490 charges,
583 1441 612 1475 so
628 1441 659 1476 os
678 1431 706 1476 tc
727 1426 828 1491 subject
846 1427 891 1476 tha
909 1427 1051 1476 defendant
1071 1433 1099 1475 tc
1117 1427 1272 1475 mutilation.
1306 1425 1383 1474 Alter

445 1503 644 1566 imprisonment
666 1503 706 1551 for
727 1517 744 1552 a
760 1503 937 1552 considerable
953 1503 1018 1551 time
1038 1503 1124 1552 before
1136 1504 1284 1567 judgment,
1301 1502 1334 1549 lie
1356 1502 1380 1550 is

447 1581 538 1644 finally
544 1580 674 1645 adjndged
686 1585 713 1630 to
724 1581 841 1645 undergo
851 1581 897 1632 tha
908 1581 996 1630 ordeal
1008 1581 1038 1630 oi
1046 1584 1135 1630 water.
1159 1581 1199 1630 He
1210 1581 1233 1630 is
1245 1579 1382 1631 convicted

446 1657 669 1717 andmutilstedl

383 1794 563 1858 Anulum
585 1791 707 1857 vicinus
737 1791 905 1858 tenebatur
935 1793 969 1856 in
1001 1815 1132 1857 nummo
1143 1818 1154 1870 ;
1187 1813 1282 1875 quem
1311 1811 1383 1852 eum

383 1909 548 1988 repeteret,
574 1907 607 1966 et
635 1901 688 1966 ille
717 1902 836 1967 solvere
859 1909 1026 1982 recusaret,
1049 1909 1155 1967 motus
1177 1902 1224 1965 ira
1253 1900 1383 1965 domum

384 2012 547 2090 debitoriS,
570 2034 666 2096 quam
690 2035 757 2077 sera
781 2013 919 2077 exterius
942 2011 1137 2096 dependente
1159 2013 1198 2076 ad
1221 2011 1385 2076 tabernam

385 2121 544 2204 digressus
574 2120 805 2200 obfirmaverat,
835 2121 1023 2205 irrumpens,
1062 2144 1162 2186 seram
1201 2122 1234 2185 in
1271 2121 1389 2206 pignus

386 2230 513 2310 avulsit,
528 2235 712 2315 arreptaque
728 2230 824 2295 simul
840 2237 908 2296 cote
931 2231 1074 2316 apposita
1097 2238 1180 2297 tecto
1204 2253 1292 2310 casm,
1316 2253 1388 2294 cum

387 2341 509 2408 terebro
523 2341 785 2426 chirothecisque,
800 2341 955 2407 discessit.
999 2343 1198 2408 Nuntiatum
1213 2349 1261 2407 εει
1282 2349 1388 2406 autem

387 2453 535 2538 apueris,
551 2452 607 2537 qui
627 2453 709 2518 infra
729 2453 860 2518 domum
882 2453 1037 2519 ludebant
1060 2453 1184 2532 inclusi,
1208 2451 1386 2537 patrifami-

388 2563 458 2642 lias,
480 2563 556 2648 quia
579 2565 738 2628 confracta
752 2563 854 2642 domo,
871 2563 1121 2650 supelleetilique
1135 2563 1269 2648 direpta,
1284 2569 1391 2647 raptor

390 2674 576 2741 abscederet.
622 2675 688 2740 Qui
709 2674 871 2740 insecutus
891 2696 964 2738 eum
980 2673 1228 2759 comprehendit,
1242 2681 1275 2738 ει
1290 2679 1391 2738 cotem

390 2809 409 2850 a
439 2807 535 2850 manu
556 2785 728 2868 bajulantis
751 2791 940 2869 extorquens
972 2792 1068 2868 eaput
1090 2784 1279 2848 vulneravit.
1324 2784 1389 2848 Ex·

391 2903 553 2980 tractoque
590 2895 718 2960 cultello
755 2895 920 2959 brachium
959 2894 1159 2980 transfigens,
1192 2916 1265 2960 eum
1301 2891 1392 2977 quasi

393 3008 493 3071 furem
510 3004 716 3069 manifestum
733 3026 804 3068 oum
823 3011 973 3089 concepto
989 3006 1074 3070 furto
1091 3004 1256 3070 reductum
1277 3003 1394 3088 ligavit

394 3116 429 3179 in
457 3114 550 3179 domo
580 3135 675 3197 qnam
704 3114 851 3198 fregerat.
906 3115 1119 3180 concurrente
1148 3121 1258 3180 autem
1288 3113 1392 3192 turba,

395 3247 468 3290 cum
492 3223 669 3309 apparitore
694 3224 842 3304 Fulccue,
868 3225 942 3310 quia
966 3248 1014 3291 res
1036 3227 1156 3292 furtiva
1180 3226 1275 3311 pretii
1299 3223 1394 3289 unius

396 3334 520 3400 nummi
553 3333 713 3398 hominem
746 3354 809 3397 non
831 3334 970 3414 mutilat,
994 3342 1184 3420 suggestum
1207 3342 1255 3400 est
1276 3334 1316 3400 ab
1339 3357 1394 3418 ap-

397 3446 533 3532 paritore
555 3451 592 3510 ut
613 3444 736 3510 furtum
758 3445 851 3512 rebus
872 3445 952 3525 aliis,
975 3447 1065 3532 quasi
1086 3445 1224 3525 furtivis,
1241 3451 1393 3529 augeret3

399 3555 481 3642 quod
506 3561 540 3638 ει
565 3555 684 3620 factum
709 3560 766 3620 eet.
813 3555 919 3620 Posita
942 3561 991 3620 εει
1013 3556 1120 3639 itaque
1139 3555 1234 3640 juxta
1259 3554 1395 3639 ligatum

400 3665 556 3732 sarcinula
581 3664 723 3749 pellium,
745 3666 842 3745 laeuae,
864 3665 965 3746 lintei,
990 3673 1084 3750 toga,
1108 3689 1183 3730 cum
1207 3665 1397 3730 ferramento

401 3774 484 3861 quod
521 3774 706 3858 volgonium
743 3773 861 3860 vulgus
904 3776 1052 3860 appellat.
1109 3778 1238 3852 Postera
1273 3775 1324 3840 die
1360 3773 1401 3839 ad

402 3885 618 3972 cognitionem
640 3883 770 3950 Ricardi
793 3885 957 3973 cujusdam
982 3885 1175 3951 vicecomitis
1200 3885 1401 3968 militumque

402 3997 572 4062 comitatus
603 4018 677 4060 eum
699 3996 848 4080 predicta
871 3996 1029 4061 sarcinula
1049 3997 1164 4062 ductus
1189 4001 1247 4076 εει,
1278 4017 1346 4080 quaa
1367 4000 1401 4060 et

402 4107 482 4173 collo
497 4106 565 4192 ejus
579 4129 716 4191 appensa
730 4113 788 4173 est.
833 4107 885 4172 Ne
899 4114 1007 4172 autem
1032 4107 1070 4174 de
1096 4130 1129 4172 re
1146 4106 1242 4171 dubia
1264 4105 1402 4190 praeeipi-

440 4318 447 4350 ¹
466 4316 594 4366 Miraoula
614 4319 641 4367 S.
660 4319 773 4379 llrumaa,
794 4319 843 4370 156
863 4320 934 4381 (Boo.
955 4321 1025 4369 Com.
1045 4321 1178 4370 Materiale
1198 4320 1238 4369 for
1260 4319 1362 4381 history
1379 4317 1409 4364 ol

405 4394 492 4444 arohb.
506 4393 622 4456 Booket).
