3286 5142
743 635 850 680 unser
875 636 897 681 1.
1249 615 1308 680 108

308 788 479 854 transitum
508 787 615 854 fecerit
650 811 705 874 per
733 811 847 872 aquam
876 786 1020 852 Tamisiae
1055 809 1151 872 prope
1187 787 1307 852 curiam

308 899 605 979 Abbendonensem,
620 922 728 964 versus
742 898 911 963 australem
927 897 1045 963 scilicet
1066 903 1188 983 partem
1204 897 1307 962 difflu-

306 1015 425 1090 entem,
445 1007 602 1074 cellerario
624 1016 754 1074 eentum
777 1009 886 1074 allecia
899 1008 986 1072 omni
1001 1030 1084 1072 anno
1101 1031 1186 1073 more
1200 1007 1306 1074 debito

307 1121 489 1200 reddantur,
499 1127 556 1186 aut
570 1144 626 1206 pro
641 1121 687 1186 eia
702 1121 898 1205 condignum
907 1121 1055 1206 pretium,
1066 1121 1113 1185 ita
1123 1128 1161 1185 ut
1175 1120 1307 1186 navium

306 1231 443 1315 remiges
472 1254 536 1296 uon
565 1232 755 1316 interrogati
780 1233 888 1297 eadem
918 1231 1076 1297 cellerario
1105 1229 1258 1310 deferant,
1287 1253 1307 1294 a

306 1347 447 1427 tempore
462 1344 610 1410 videlicet
631 1343 865 1408 Purificationis
888 1344 1013 1408 Sanctae
1029 1341 1140 1406 Mariae
1155 1340 1307 1426 usquead

305 1453 439 1519 Pascha.
484 1454 579 1521 Quod
598 1455 625 1518 si
640 1477 747 1520 eorum
763 1454 876 1538 aliquis
888 1454 968 1518 hanc
984 1452 1240 1518 consuetudinem
1255 1452 1307 1516 de-

305 1564 439 1630 tinuisse
454 1565 603 1630 inventus
618 1565 923 1654 fuerit,'hujusmodi
938 1587 1051 1629 navem
1066 1563 1252 1642 cellerarius,
1268 1585 1307 1628 nc

307 1696 363 1760 per
389 1698 504 1760 equam
534 1683 674 1742 transeat
692 1676 838 1755 ecclesiae,
863 1677 934 1760 jure
964 1673 1094 1753 detinet,
1120 1673 1217 1739 donec
1246 1674 1307 1738 sibi

306 1793 427 1850 rectum
443 1786 549 1850 faciat.

352 1897 446 1961 Hanc
468 1895 602 1961 ecclesiae
623 1896 893 1974 consuetudinem,
910 1902 1049 1981 tempore
1064 1895 1172 1960 domni
1196 1895 1307 1960 l'aritii

305 2006 440 2086 abbatis,
463 2013 567 2071 nautae
593 2006 747 2091 praedictas
777 2007 915 2072 civitatis
942 2007 1044 2071 moliti
1074 2019 1150 2071 sunt
1173 2006 1307 2088 ecclesiae

305 2119 460 2203 abripere;
485 2118 539 2183 scd
558 2117 622 2183 cito
636 2141 688 2182 eos
703 2119 742 2182 ab
757 2119 815 2182 hac
830 2118 1007 2183 temeritate
1022 2117 1307 2182 disratiocinatione

304 2232 393 2316 justa
410 2231 494 2296 idem
517 2231 614 2296 abbas
640 2230 797 2314 repressit,
812 2231 859 2294 ita
883 2236 921 2294 ut
942 2229 1051 2294 eadem
1074 2229 1142 2314 regi
1167 2229 1307 2294 Henrico

304 2341 467 2426 allegaret,
489 2349 522 2407 et
536 2364 590 2406 rex
605 2363 660 2426 per
682 2363 738 2405 sua
760 2341 867 2405 brevia
886 2341 1071 2425 justiciariis
1093 2339 1157 2404 suis
1177 2347 1210 2406 et
1224 2341 1306 2406 vice·

304 2451 473 2516 comitibus
489 2451 687 2516 Berchescire
702 2457 736 2516 et
751 2451 1009 2516 Oxenefordscire
1023 2451 1214 2536 praeciperet,
1229 2474 1305 2535 qua·

304 2569 397 2627 tenus
419 2567 536 2627 rectam
559 2562 720 2646 justitiam
742 2561 816 2626 iude
838 2561 985 2641 facerent,
1006 2583 1046 2626 nc
1067 2561 1196 2626 ecclesia
1224 2561 1308 2626 ultra

304 2673 487 2758 hujusmodi
519 2672 746 2738 consuetudine
779 2695 835 2736 sua
864 2678 993 2738 careret.
1040 2673 1165 2757 Itaque,
1196 2672 1303 2738 eodem

303 2806 377 2868 rege
392 2789 556 2870 regnante,
572 2806 655 2848 anno
669 2784 795 2868 imperii
810 2783 861 2848 sui
875 2781 937 2848 XI.
951 2790 983 2848 et
998 2783 1120 2848 Thema
1134 2782 1173 2848 de
1189 2785 1306 2849 Sancto

247 2961 252 2970 ,
302 2893 451 2960 Johanne
486 2917 523 2960 ac
561 2894 698 2960 Ricardo
734 2893 773 2959 de
796 2895 911 2959 Monte
943 2893 1200 2960 Oxenefordscire
1222 2895 1305 2960 vice·

302 3005 472 3071 comitibus
482 3005 676 3084 constitutis
686 3006 772 3090 apud
780 3005 913 3069 eandem
924 3004 1121 3070 Oxeneforde
1132 3005 1305 3086 civitatem,

302 3117 336 3181 in
351 3117 444 3183 domo
454 3116 617 3202 Hardingi
631 3116 816 3202 presbyteri,
829 3115 867 3181 de
878 3117 937 3182 hac
952 3139 986 3181 re
996 3116 1148 3200 placitum
1160 3117 1306 3182 habitum

301 3233 360 3306 est,
376 3233 408 3292 et
430 3227 588 3314 majorum
613 3225 756 3313 ejusdem
779 3226 840 3291 loci
866 3227 1028 3292 communi
1049 3227 1230 3311 judicatum
1256 3234 1304 3294 est

302 3337 426 3404 decreto
440 3337 727 3402 Abbendunensem
754 3337 914 3403 ecclesiam
936 3339 1058 3423 justam
1082 3361 1147 3403 rem
1170 3339 1305 3424 exigere,

301 3454 336 3513 et
357 3471 427 3514 eam
457 3471 476 3513 a
509 3448 650 3514 civitatis
684 3449 786 3513 totius
819 3447 948 3533 navigio
979 3448 1090 3514 debere
1111 3451 1199 3514 omni
1221 3473 1304 3516 anno

302 3559 497 3642 persolvere.¹

318 3720 369 3788 [In
380 3723 425 3773 the
436 3722 568 3786 following
578 3737 641 3787 year·
651 3723 726 3772 there
737 3737 791 3773 was
802 3739 819 3774 a
830 3723 881 3772 lilre
892 3739 959 3783 case,
970 3725 1035 3773 with
1045 3739 1062 3773 a
1073 3725 1171 3774 similar
1182 3725 1286 3792 result]

348 3838 498 3923 Sequenti
521 3859 644 3923 quoquc
667 3843 739 3922 post
762 3838 820 3902 hoc
845 3859 928 3902 anno
950 3837 1105 3902 Radullus
1126 3839 1303 3906 cellerarius

301 3949 453 4034 ejusdem,
489 3947 673 4013 coadunatis
710 3947 907 4012 Oxeueforde
943 3948 1142 4032 primoribus,
1174 3957 1303 4033 questus

300 4066 351 4125 est
380 4061 463 4146 quod
491 4060 530 4125 de
559 4058 747 4144 quibusdam
784 4081 891 4123 eorum
929 4059 1034 4123 nautis
1070 4061 1204 4126 necdum
1235 4064 1303 4148 jam

300 4172 458 4238 decretam
473 4169 732 4238 consuetudinem
748 4169 919 4236 habuisset.
967 4169 1091 4236 Quibus
1105 4171 1188 4239 illico
1203 4196 1303 4241 accer-

742 4359 750 4392 ¹
768 4361 904 4424 persolvi?
