3280 5132
375 627 418 688 48
628 645 761 690 emman
784 643 1135 691 suono-nonnannicn.

734 823 846 908 [hano
868 842 909 888 on
931 821 1027 906 Asu]

537 985 612 1052 [Sola
623 985 675 1035 aad
686 989 806 1050 sepamte
816 989 903 1036 estate
912 985 943 1036 of
950 1000 967 1034 a
977 984 1090 1034 married
1101 983 1226 1050 woman]

423 1112 473 1178 De
502 1114 588 1178 omni
618 1121 701 1179 terra
730 1116 802 1178 Asa
825 1119 985 1179 testantur
1011 1113 1095 1200 quod
1121 1102 1253 1178 Roberti
1278 1113 1383 1180 Melet

380 1224 492 1290 debeat
507 1249 583 1304 esse,
598 1249 634 1290 eo
649 1226 734 1311 quod
749 1225 818 1310 ipsa
833 1225 945 1291 habuit
960 1231 1077 1290 terram
1094 1247 1182 1289 snam
1207 1229 1384 1310 separatam

381 1343 414 1403 et
427 1316 556 1402 libeiam
573 1360 590 1400 a
607 1337 770 1401 dominatu
795 1342 827 1402 et
851 1342 1006 1421 potestate
1030 1334 1172 1400 Bemnlfi
1199 1321 1385 1415 maritimi,

382 1447 479 1514 etiam
495 1470 567 1512 eum
583 1446 677 1512 simul
692 1453 796 1512 essent
810 1447 855 1512 ita
870 1452 907 1510 ut
922 1447 987 1531 ipse
1003 1446 1041 1511 de
1056 1469 1093 1510 ea
1112 1469 1169 1512 nee
1184 1446 1385 1512 donationem

384 1581 441 1624 nee
471 1558 686 1623 venditionem
715 1557 827 1636 faeere,
856 1580 914 1622 nee
944 1557 1120 1622 forisfacere
1149 1565 1264 1642 posset.
1309 1559 1387 1621 Post

383 1693 490 1736 eorum
506 1691 580 1734 vero
594 1668 833 1754 separationem,
845 1668 913 1754 ipsa
927 1690 999 1732 eum
1016 1669 1102 1733 omni
1118 1675 1203 1734 terra
1218 1692 1275 1733 sna
1289 1691 1386 1734 reces-

384 1781 437 1861 sit,
451 1788 485 1846 et
499 1803 566 1846 eam
583 1787 620 1845 nt
631 1780 758 1845 domina
769 1780 918 1865 possedit.
951 1779 1108 1845 Homines
1117 1787 1225 1845 antem
1236 1780 1274 1844 de
1289 1780 1386 1845 eomi-

384 1897 457 1957 tatu
480 1897 547 1957 tam
571 1891 610 1956 de
633 1891 688 1955 illa
714 1913 809 1976 qnam
834 1890 872 1956 de
896 1895 966 1957 tote
988 1897 1072 1956 terra
1094 1891 1160 1974 ejus
1182 1890 1386 1956 ‚Willelmum

385 2001 489 2068 Melet
504 2001 649 2067 saisitum
673 2000 832 2081 viderunt,
846 2001 945 2066 donee
970 2000 1116 2066 invasum
1140 2005 1189 2066 est
1212 2002 1387 2066 castellum.

387 2113 458 2178 Hoc
488 2117 681 2177 attestantur
706 2111 745 2177 de
768 2111 856 2178 omni
882 2119 966 2178 terra
994 2113 1064 2176 Asse
1090 2135 1186 2197 quam
1212 2111 1325 2177 habuit
1354 2111 1388 2178 in

381 2223 589 2299 Enruieseire.

514 2853 676 2938 [Gnsnnn
697 2855 799 2918 'Itson
820 2875 849 2918 o.
872 2855 998 2920 B1snoi>
1020 2872 1060 2918 os
1083 2853 1261 2938 Danaen]

434 3024 546 3090 Soeam
572 3048 668 3111 qnam
695 3025 811 3091 elamat
839 3026 1036 3091 Gislebertus
1061 3027 1158 3091 'Pison
1184 3026 1219 3091 in
1246 3025 1390 3106 Birland,

389 3136 500 3202 dieunt
516 3158 581 3202 esse
597 3135 707 3202 debere
720 3137 858 3223 episcopi
871 3136 1097 3202 Dunelmensis
1111 3138 1145 3204 in
1163 3139 1329 3204 Honedon.

518 3809 658 3894 [Bonos
680 3827 721 3873 oa
742 3809 891 3873 Donnnn
914 3831 942 3873 o.
967 3809 1099 3873 Ronsnn
1121 3809 1265 3892 Menan]

436 4021 697 4086 Quattuordeeim
724 4021 856 4085 bovatas
884 4027 973 4087 terrae
997 4045 1074 4105 quas
1096 4021 1214 4086 elamat
1229 4021 1392 4106 episeopus

391 4131 616 4196 Dunelmensis
642 4154 736 4217 super
760 4133 935 4196 Robertum
960 4132 1063 4198 Malet
1085 4133 1118 4196 in
1134 4131 1265 4212 Bellebi,
1281 4132 1393 4196 dieunt

391 4241 487 4306 fnisse
503 4239 595 4306 Mnle
611 4247 643 4305 et
666 4241 819 4325 Egbrand
842 4249 874 4304 et
897 4241 994 4305 Basin
1016 4245 1050 4305 et
1072 4243 1162 4319 Orm,
1177 4265 1250 4306 eum
1271 4265 1340 4306 saca
1360 4247 1394 4305 et
1495 4253 1498 4260 ⁴

391 4375 473 4431 soca,
487 4361 520 4416 et
536 4353 616 4415 hane
633 4357 748 4415 terram
766 4351 877 4416 habuit
893 4351 1062 4416 Wilelmus
1078 4352 1192 4419 Melet.
