3286 5142
690 643 799 690 suuni
821 643 845 689 1.
1204 625 1266 686 125

265 798 325 864 bus
340 797 502 863 monachis
517 794 744 876 Abbendoniae,
757 797 871 862 habere
892 818 1002 862 omnes
1025 794 1269 862 consuetudines

266 910 300 973 in
315 908 462 973 omnibus
476 907 579 985 rebus,
595 929 672 991 quas
687 906 800 972 habers
815 907 941 988 debant,
957 931 1012 992 per
1026 930 1140 993 aquam
1161 905 1269 970 'Pami-

267 1019 330 1098 siae,
345 1017 534 1100 ubicumque
548 1015 661 1080 habere
680 1014 806 1082 dobant.
851 1017 897 1082 Et
922 1017 968 1081 ita
993 1039 1033 1082 no
1057 1039 1113 1102 pro
1138 1015 1269 1102 penuria

263 1129 398 1217 justitia
426 1133 539 1193 vestras
569 1127 637 1211 ipsa
666 1126 796 1191 eeclesia
828 1127 879 1193 vel
918 1127 1063 1193 monachi
1100 1128 1269 1214 quiequam

269 1239 411 1325 perdant,
440 1261 533 1323 super
559 1238 600 1302 X.
626 1236 721 1301 libras
747 1237 962 1305 forisfacturas.
1016 1239 1108 1304 Testa
1144 1240 1269 1324 Rogero

268 1351 377 1437 Bigot.
423 1352 485 1416 Par
499 1350 586 1415 Ared
600 1348 817 1416 falconarium.

618 1941 745 2029 [Annon
768 1942 914 2026 Huau.]¹

272 2129 341 2196 [Tho
357 2128 444 2194 king's
463 2129 524 2179 writ
543 2129 670 2193 granting
687 2144 704 2177 a
719 2129 831 2271 marka]t‚
849 2128 914 2179 with
931 2127 1004 2191 right
1022 2127 1053 2177 os
1066 2125 1201 2177 forfeitms
1219 2125 1272 2176 and

723 2207 804 2268 ploos

272 2334 524 2414 Hunn1ous‚rex
547 2331 685 2417 Angliae,
702 2331 871 2417 Radnlpho
898 2329 1078 2396 cantuarios
1104 2327 1271 2414 arehiepis-

270 2467 346 2530 oopo
361 2450 393 2510 et
407 2443 570 2509 Willelmo
585 2442 624 2507 de
641 2441 867 2507 Hammosford
881 2441 1071 2522 vicecomiti,
1084 2447 1116 2506 et
1126 2439 1272 2506 omnibus

270 2555 439 2621 baronibus
453 2562 486 2620 ot
500 2553 646 2620 fidelibus
672 2552 739 2617 suis
758 2552 798 2617 de
822 2552 923 2631 Kont,
939 2551 1084 2618 salutem.
1129 2551 1272 2618 Concedo

271 2668 339 2732 Deo
353 2672 387 2732 et
403 2667 519 2730 Sancto
535 2663 718 2749 Augustino
734 2663 924 2742 Cantnariae,
949 2667 983 2727 ot
1009 2663 1142 2747 Hugoni
1165 2660 1273 2727 abbati

270 2784 303 2842 ot
318 2776 465 2842 omnibus
486 2773 714 2839 suecessoribus
736 2772 802 2838 suis
823 2773 937 2838 habers
962 2779 1136 2838 mereatum
1164 2772 1198 2837 in
1222 2772 1272 2837 in·

270 2889 339 2954 sula
353 2887 392 2952 de
407 2885 539 2950 Thanet.
583 2886 628 2949 Et
643 2883 784 2948 homines
799 2883 874 2948 illuc
890 2883 1051 2948 venientes
1061 2889 1095 2949 et
1109 2883 1273 2949 redeuntes

271 3021 379 3063 omnes
394 2998 518 3061 firmam
534 3016 641 3080 paoem
656 3015 760 3057 msam
779 2993 928 3072 habeant,
944 3015 985 3058 ne
999 2993 1113 3079 aliquis
1135 3015 1187 3058 eos
1209 2993 1272 3058 dis·

270 3110 498 3192 turbatusque
521 3104 671 3190 injuriam
694 3104 743 3168 vel
766 3104 990 3170 contumeliam
1012 3104 1116 3170 faciat.
1162 3105 1207 3169 Et
1227 3104 1275 3168 ita

270 3220 386 3285 habeat
400 3217 496 3283 abbas
511 3216 544 3280 in
560 3237 646 3300 paos,
662 3222 694 3279 et
709 3214 823 3299 quieto,
848 3221 881 3280 ot
904 3215 1073 3281 honorifico
1100 3221 1274 3281 mercatum

271 3331 376 3416 ipsum
401 3351 474 3394 oum
498 3325 645 3392 omnibus
668 3326 960 3407 consuetudinibus,
983 3333 1016 3392 et
1038 3326 1217 3406 forisfactis,
1241 3333 1275 3392 et

272 3440 396 3524 placitis
411 3439 487 3517 suis,
503 3437 585 3502 siout
600 3435 696 3500 habet
710 3434 848 3520 aliquam
863 3441 980 3500 terram
1002 3436 1054 3502 vel
1075 3459 1141 3502 rom
1165 3437 1274 3501 Sancti

273 3548 451 3632 Augustini
467 3546 580 3612 molius
589 3552 622 3611 et
631 3544 768 3630 quietius
778 3551 810 3610 et
818 3545 1083 3611 honorificentius.
1127 3546 1274 3611 Tostibus

274 3661 399 3745 Rogero
413 3659 558 3744 episeopo
575 3658 699 3734 Sarum,
714 3661 748 3720 et
763 3655 934 3741 Ranulpho
949 3654 1144 3736 cancellario,
1158 3662 1191 3721 et
1212 3657 1273 3720 Ni·

272 3770 357 3856 gello
371 3770 411 3836 de
424 3768 546 3847 Albini,
562 3767 645 3852 apud
660 3766 990 3832 westmonasterium.

494 3997 503 4032 ι
521 3995 591 4046 aas.
606 3995 675 4045 uon.
688 3993 727 4044 su
740 3993 807 4058 nug.
818 3993 868 4044 nos
881 3994 953 4055 ineo.
966 3993 1057 4056 oona).
1091 4063 1096 4084 ἡ
