3286 5142
711 627 821 672 eursu
844 628 882 671 11.
1230 607 1290 672 171

293 779 425 844 ecclesias
453 777 575 858 intulit,
605 780 771 844 restaurari
800 779 965 864 juberent,
1004 782 1126 842 servato
1154 776 1237 862 quod
1265 776 1293 839 si

292 891 377 956 idem
391 892 559 956 'l'urstinus
573 890 677 970 vellet,
692 891 774 954 sicut
789 896 878 975 pater
892 891 963 974 ejus
976 894 1009 952 et
1026 888 1101 973 ipse,
1116 887 1292 952 manerium

293 1001 486 1066 Tadmertun
503 1023 558 1086 per
580 999 723 1086 singulos
737 1023 837 1064 annos
852 1022 908 1084 pro
923 999 999 1063 XV.
1016 998 1105 1063 libris
1119 999 1158 1063 de
1179 999 1292 1063 abbate

292 1116 423 1177 teneret.
478 1111 603 1177 Quibus
638 1109 808 1195 diligenter
844 1109 996 1176 damnum
1033 1109 1292 1194 computantibus

292 1220 415 1285 dictum
450 1226 500 1287 est
534 1243 646 1305 parurn
676 1243 741 1285 esse
769 1221 796 1284 si
826 1221 995 1284 'lhrstinus
1024 1242 1080 1306 pro
1110 1221 1225 1284 damno
1254 1221 1293 1285 de

263 1352 264 1355 ’
293 1331 503 1396 Tademertun
530 1331 601 1397 LX.
625 1353 755 1410 marcas,
778 1353 834 1415 pro
857 1331 973 1394 damno
999 1352 1071 1395 vero
1095 1331 1229 1395 ecclesiae
1255 1330 1293 1395 de

293 1441 458 1506 Marcham
482 1447 515 1507 et
538 1442 676 1526 quinque
700 1441 856 1519 hidarum,
891 1464 969 1526 quas
991 1441 1203 1526 prediximus,
1225 1441 1292 1504 111.

293 1573 421 1631 marcas,
450 1551 558 1616 abbati
586 1550 793 1635 persolveret,
830 1551 892 1615 nisi
920 1551 954 1615 in
985 1553 1043 1616 hoc
1072 1551 1156 1616 idern
1197 1551 1293 1616 abbas

292 1662 441 1726 'lirrstino
456 1685 579 1746 parcere
594 1661 753 1726 voluisset.
787 1661 957 1724 'Purstinus
972 1667 1091 1740 autem,
1105 1683 1294 1746 cognoscens

292 1773 377 1857 quod
412 1773 442 1836 ei
477 1772 696 1856 imponebatur
726 1772 806 1836 vires
834 1793 907 1835 suas
936 1771 1092 1850 excedere,
1122 1777 1155 1836 et
1184 1772 1294 1837 villam

294 1888 399 1947 tenere
424 1888 457 1947 ct
479 1905 536 1967 pro
550 1881 665 1946 damno
689 1882 771 1965 quod
795 1883 901 1966 jrrssus
916 1888 984 1945 crat
997 1880 1170 1965 persolvere
1184 1905 1216 1947 se
1231 1905 1295 1947 non

294 2015 392 2078 posse,
430 1992 592 2056 indicavit.
639 1992 733 2057 Quod
769 2014 841 2056 cum
877 1991 945 2077 regi
981 1993 1166 2056 nuntiatum
1203 1998 1295 2071 esset,

293 2103 389 2188 jussit
414 2108 452 2166 ut
476 2103 571 2166 abbas
594 2103 639 2167 sic
662 2104 784 2181 villam,
807 2104 890 2168 sicut
918 2104 1090 2182 ecclesiam,
1115 2110 1148 2169 et
1177 2111 1293 2169 terram

294 2214 467 2299 praefatam,
481 2193 641 2298 reciperet,
656 2219 688 2279 ct
702 2215 852 2280 Turstino
874 2215 925 2279 vel
948 2215 1013 2280 suis
1037 2217 1200 2281 heredibus
1221 2223 1296 2301 post

293 2324 384 2390 illum
399 2325 482 2389 diem
497 2323 576 2389 nihil
592 2325 798 2410 responderet.

297 2500 364 2566 [The
375 2501 451 2550 claim
462 2499 580 2548 renewed
591 2501 626 2564 by
637 2499 751 2548 Rioherd
768 2499 869 2558 Besset,
882 2513 929 2548 scu
940 2498 970 2546 of
983 2498 1097 2559 Turstin,
1110 2513 1144 2548 on
1160 2500 1205 2548 the
1217 2499 1296 2548 death
1387 2552 1388 2556 ,

359 2579 390 2628 cf
402 2579 447 2628 the
458 2578 545 2626 latter.
579 2578 633 2626 The
644 2578 731 2636 ebbot,
743 2578 869 2637 however,
881 2577 984 2626 obtains
998 2591 1014 2624 a
1023 2577 1085 2626 writ
1096 2577 1225 2640 directing
1235 2578 1296 2626 that

360 2655 406 2704 the
417 2654 510 2703 monks
521 2653 581 2702 hold
592 2655 620 2702 in
637 2669 723 2716 pesce,
734 2654 786 2703 and
804 2654 916 2703 Richard
935 2654 1025 2703 makes
1044 2653 1215 2716 composition
1232 2653 1297 2701 with

360 2731 407 2780 the
418 2729 537 2795 cumen]
546 2734 553 2765 ¹

340 2861 493 2926 Ricardus
516 2862 622 2946 itaque
647 2862 759 2926 Basset
786 2859 881 2944 (filius
909 2859 1062 2939 Turstini,
1086 2859 1145 2924 filii
1169 2859 1297 2925 Rndulfi

296 2971 452 3058 predicti)
491 2994 573 3049 cum,
610 2977 700 3057 patre
736 2977 871 3050 mortuo,
900 2971 989 3035 heres
1024 2970 1229 3049 successisset,
1259 2971 1297 3035 de

296 3083 482 3170 supradictis
507 3083 591 3147 1111.
608 3082 692 3146 hidis
715 3082 907 3146 calumniam
932 3082 1043 3162 movit,
1068 3082 1170 3147 muita
1193 3083 1296 3166 objec-

225 3178 230 3194 ’
295 3195 382 3259 tione
410 3199 443 3258 et
472 3194 652 3258 curiositate
681 3215 789 3278 agens,
813 3199 853 3257 ut
874 3216 926 3258 cas
950 3195 989 3258 ad
1013 3217 1045 3258 se
1073 3195 1110 3278 (si
1140 3196 1295 3279 quomodo

296 3309 410 3391 posset)
430 3305 611 3370 attraheret.
655 3305 821 3369 Vorsuties
835 3327 908 3369 vero
932 3307 1002 3388 ejus
1028 3306 1156 3369 11111118Ξ
1181 3329 1294 3390 agnos·

295 3421 412 3494 centes,
449 3437 556 3499 regem
594 3415 769 3478 Henricum
815 3416 984 3499 juniorem,
1021 3421 1099 3480 tunc
1145 3419 1296 3500 temporis

295 3531 493 3612 regnantem,
508 3525 663 3604 adierunt,
679 3511 873 3610 postulantes
888 3530 926 3589 ut
941 3525 985 3590 eis
1000 3549 1071 3589 curn
1094 3549 1168 3610 pace
1190 3532 1295 3592 tenere

296 3637 411 3701 faceret
426 3634 509 3719 quod
523 3634 567 3699 eis
581 3637 666 3719 juste
681 3636 835 3699 donatum
848 3635 961 3698 suerat.
986 3634 1130 3699 Quorum
1145 3635 1295 3720 petitioni

295 3746 433 3830 benigne
448 3767 600 3824 annuens,
611 3743 674 3808 tale
690 3743 781 3808 breve
797 3743 901 3827 sigillo
917 3765 972 3806 suo
988 3744 1150 3808 munitum
1161 3746 1295 3810 Ricardo

295 3856 430 3921 direxit:

341 3966 507 4040 Henricus,
545 3987 598 4029 rex
644 3963 782 4047 Angliae,
828 3969 861 4028 et
906 3963 971 4026 dux
1012 3965 1215 4029 Normanniae
1262 3973 1295 4031 ct

295 4077 485 4164 Aquitauiae,
496 4081 528 4140 et
543 4099 644 4140 comes
654 4073 857 4158 Andegaviae,
871 4073 1005 4138 Ricardo
1015 4075 1135 4147 Basset,
1151 4076 1295 4144 salutem.

503 4253 510 4286 ¹
530 4253 598 4302 Hist.
612 4253 680 4301 Mon.
693 4251 725 4299 de
735 4250 847 4313 Abingd.
861 4252 908 4300 188
920 4251 993 4313 (Rec.
1006 4251 1099 4316 00111).

503 4333 513 4362 ¹
530 4331 584 4378 'Phe
596 4328 689 4378 cbtot'r
702 4327 832 4377 brethren.
