3286 5142
318 633 379 698 180
564 655 696 700 amorra
719 654 1067 701 aneso-noannvmca.

316 825 389 868 cum
415 828 478 871 nou
497 807 676 873 traheretur
699 808 732 872 iu
755 828 892 887 oausam,
914 811 1031 872 terram
1053 827 1143 871 snam
1162 806 1224 871 sibi
1245 806 1318 870 sub-

315 914 415 980 latam
429 939 503 983 esse.
527 918 579 982 Ad
594 919 663 1004 ejus
677 919 783 1004 itaque
796 918 967 984 instantem
982 918 1208 1003 querimoniam
1224 917 1320 982 abbas

315 1047 388 1090 cum
418 1027 599 1093 hominibus
628 1028 683 1115 qui
712 1037 829 1094 terram
856 1033 1102 1113 peragraverunt
1131 1027 1171 1092 ad
1200 1027 1318 1092 curiam

315 1137 434 1222 agitur,
450 1161 543 1223 super
564 1162 600 1204 ea
622 1162 718 1225 quam
740 1139 824 1204 idem
845 1129 1004 1204 Robcrtus
1025 1138 1202 1204 affirmabat
1217 1139 1318 1228 iujus-

315 1247 400 1327 titia,
415 1249 645 1316 satisfacturus.
669 1252 739 1316 Nec
753 1257 920 1316 cunctatus
929 1250 1025 1314 abbas
1039 1255 1146 1316 mente
1160 1250 1318 1329 robustus,

315 1358 391 1426 licet
405 1383 532 1446 corpore
553 1362 721 1441 invalidus,
736 1385 769 1428 se
790 1363 841 1428 dic
864 1363 1075 1428 determinato
1096 1362 1131 1428 in
1152 1362 1317 1447 prasentia

315 1471 514 1554 justitiarum
535 1474 619 1558 apud
634 1473 835 1540 Wiutoniam
851 1473 1005 1554 exhibuit,
1014 1472 1195 1538 hominibus
1212 1495 1317 1538 secum

315 1582 461 1648 adductis
476 1585 530 1669 qui
546 1584 826 1669 sepenominatum
837 1589 1054 1650 tenementum
1069 1583 1108 1649 de
1118 1585 1318 1650 Beruehorue

315 1700 571 1777 peragraverunt,
597 1702 630 1760 et
659 1697 729 1782 ejus
758 1701 859 1762 metas
882 1695 1134 1780 designaverant.
1179 1697 1317 1760 Astante

317 1803 455 1870 Robcrto
470 1805 509 1870 de
525 1805 691 1872 Yclesham
703 1811 736 1871 et
757 1828 851 1892 super
870 1811 956 1871 terra
976 1828 1034 1872 sua
1055 1805 1116 1870 sibi
1130 1805 1262 1872 subdole
1277 1811 1315 1869 ut

314 1915 470 1980 asserebat
496 1915 619 1982 sublata
641 1923 858 2003 conquerente,
885 1918 1059 2002 procedunt
1084 1917 1207 2002 praefati
1230 1917 1313 1984 XII.

314 2023 375 2089 viri
396 2026 426 2091 ei
447 2026 614 2092 infaciem
637 2028 827 2108 resistentes,
850 2026 964 2094 iterato
986 2035 1217 2094 sacramentum
1237 2051 1315 2113 prae·

315 2140 397 2202 utare
433 2138 546 2222 parati,
576 2160 609 2203 se
640 2161 704 2204 non
734 2137 862 2224 quidam
894 2138 1041 2225 amplius,
1071 2139 1246 2225 quinimmo
1275 2161 1315 2205 nc

314 2247 503 2312 sacramenti
534 2248 668 2333 prestiti
703 2249 885 2314 viderentur
919 2254 1171 2334 transgressores,
1210 2250 1315 2313 minus

312 2358 399 2440 justo
429 2379 485 2423 arro
511 2358 636 2426 ambitu
665 2359 861 2426 conclusisse.
916 2361 1011 2426 Unde
1039 2362 1123 2426 idem
1157 2361 1314 2426 Robcrtus

313 2467 399 2532 falsa
416 2470 650 2554 conquestionis
671 2492 742 2536 reus
764 2493 829 2537 esse
850 2471 1024 2551 convictus,
1039 2472 1181 2537 omnium
1192 2471 1313 2555 judicio

313 2577 529 2645 misericordiae
543 2581 627 2668 regis
641 2581 807 2648 addicitur.

404 3309 516 3394 [Wrsu
545 3329 584 3375 or
616 3311 750 3376 Rosam
780 3333 809 3376 a.
832 3312 945 3376 Aaron
966 3330 1006 3375 or
1035 3311 1223 3375 Anineuon.

690 3422 945 3506 1154,-1158.]ι

312 3555 380 3622 [The
395 3557 512 3620 plainam
523 3557 615 3608 claim‘s
631 3557 730 3606 certain
746 3556 809 3606 land
819 3557 904 3607 which
914 3555 967 3606 had
982 3556 1048 3606 baeu
1058 3557 1137 3620 given
1147 3555 1183 3619 by
1194 3555 1241 3604 her
1250 3555 1310 3604 hus·

376 3636 445 3686 baud
456 3640 485 3685 to
495 3637 541 3685 tha
552 3635 700 3696 defendant,
712 3635 826 3698 alleging
836 3636 896 3684 that
907 3635 929 3684 ia
940 3634 992 3684 had
1002 3635 1068 3684 been
1079 3635 1156 3698 given
1167 3634 1213 3682 her
1224 3647 1253 3681 aa
1264 3634 1311 3682 her

375 3711 481 3776 dowryg
498 3712 547 3761 but
558 3711 603 3761 the
613 3726 693 3762 cause
703 3712 782 3775 being
792 3712 872 3761 heard
882 3712 918 3776 by
928 3726 1008 3776 many
1018 3710 1081 3760 wisa
1091 3725 1159 3770 men,
1172 3709 1311 3775 judgment

374 3789 398 3839 ia
408 3791 487 3854 given
498 3790 537 3840 for
548 3789 593 3839 tha
603 3787 768 3854 defendant]

312 3902 435 3982 Srcqun
455 3903 576 3969 factum
600 3907 650 3968 eat
671 3909 710 3967 ut
734 3897 800 3987 ipsc
824 3901 992 3982 Robertus,
1011 3905 1080 3967 toto
1095 3905 1221 3966 astante
1235 3921 1309 3965 oon·

309 4017 418 4092 ventu,
447 4013 612 4078 dimidiam
638 4011 726 4077 illam
755 4013 864 4077 hidam
894 4035 986 4098 super
1013 4033 1171 4097 magnum
1199 4011 1310 4090 altare,

308 4123 425 4208 absque
459 4124 545 4188 omni
574 4123 609 4188 in
647 4129 807 4208 posterum
840 4122 1070 4203 reclamatione,
1100 4121 1308 4187 confirmaret.

308 4234 422 4298 Postea
443 4239 550 4299 tamen
576 4233 706 4299 Roberti
727 4255 807 4299 uxor
821 4255 959 4298 asserem
973 4233 1055 4298 hano
1070 4231 1105 4297 in
1126 4233 1233 4298 dotem
1248 4231 1309 4296 sibi

518 4394 526 4426 ¹
545 4392 640 4442 anisa.
655 4393 724 4442 Mon.
737 4395 848 4458 Abiugd.
862 4396 911 4443 202
925 4395 999 4458 (Rea.
1011 4393 1104 4457 Com).
