3298 5162
336 615 398 676 286
585 635 716 680 enacim
739 635 1082 680 sueno-nonusumcs.

248 859 255 871 Ι
332 785 428 848 faciat
438 787 504 850 lieri
515 785 661 852 visumde
672 799 756 850 terre
768 787 822 850 illa
833 788 915 852 unde
928 789 1018 879 turbo
1029 795 1188 872 asportate
1198 789 1338 866 fuerunt,

334 903 367 960 et
386 919 440 980 per
461 897 548 960 1111.
564 897 682 962 milites
694 897 773 962 ferre
794 898 955 962 recordum
975 899 1061 962 illius
1080 897 1168 963 visus
1187 899 1276 983 eujus
1295 899 1338 962 sit

336 1013 419 1071 terre
439 1003 513 1068 illa:
538 1007 622 1089 apud
634 1007 963 1072 westmonasterium.

370 1134 395 1180 It
413 1133 435 1180 ie
456 1133 558 1194 worthy
569 1133 600 1180 os
614 1135 700 1182 notice
717 1136 777 1184 thet
794 1135 839 1183 the
856 1137 928 1198 right
940 1137 970 1186 ol
978 1141 1102 1200 property
1115 1137 1138 1186 is
1155 1135 1215 1184 hene
1232 1136 1339 1185 ordered

337 1220 365 1261 to
376 1213 409 1258 be
421 1211 487 1259 triod
499 1211 525 1258 in
537 1226 571 1260 un
582 1214 668 1261 aetion
676 1214 706 1262 os
712 1219 835 1276 trespeee.

517 1959 644 2045 [Anser
662 1980 701 2025 cs
725 1962 776 2026 Sr.
797 1960 943 2026 Eououn
961 1985 986 2026 o.
1009 1961 1183 2046 Jonnru.]¹

340 2108 509 2174 [inquisition
523 2113 678 2175 concerning
694 2129 710 2160 a
730 2113 789 2174 plee
803 2113 910 2171 erlend,
923 2113 1031 2161 claimed
1043 2113 1078 2176 by
1090 2113 1135 2161 the
1153 2109 1294 2160 defendent
1313 2121 1342 2156 es

404 2189 444 2237 his
456 2189 531 2237 srenk
543 2193 683 2249 tenemeut,
695 2190 747 2237 und
759 2194 847 2238 return
860 2191 889 2238 ol
897 2191 941 2238 the
958 2191 1118 2252 recognitore
1134 2190 1193 2238 that
1212 2188 1257 2236 the
1277 2185 1340 2234 land

403 2265 451 2314 hes
462 2281 541 2314 never
553 2267 619 2314 been
630 2272 749 2328 seperate
757 2267 822 2314 from
835 2269 880 2314 the
891 2267 988 2317 churoh
999 2268 1029 2315 ol
1039 2268 1077 2316 St.
1088 2267 1217 2322 Edmund,
1225 2265 1276 2313 and
1285 2265 1343 2313 that

403 2343 426 2392 it
445 2359 513 2391 owes
524 2344 569 2391 the
589 2358 660 2392 seme
678 2346 776 2393 service
796 2351 823 2393 tc
843 2345 888 2394 the
906 2345 1002 2394 church
1017 2360 1046 2393 as
1058 2346 1158 2394 certain
1174 2344 1251 2392 other
1268 2341 1343 2390 land·

404 2422 505 2470 named.
538 2421 592 2470 The
612 2421 754 2471 defendent
772 2423 913 2484 thereupon
934 2423 1131 2485 echnowledges
1154 2421 1199 2470 the
1224 2421 1342 2482 superior

404 2499 477 2561 right
488 2498 518 2546 of
527 2498 572 2546 the
587 2497 707 2560 chorch]

341 2619 464 2686 Posses
480 2629 567 2685 mota
582 2631 630 2686 est
652 2623 860 2687 controversie
884 2621 967 2686 inter
988 2624 1135 2687 abbatem
1157 2629 1190 2686 et
1212 2621 1344 2686 eundem

341 2733 362 2796 J
363 2733 515 2796 ordonum
525 2732 563 2796 de
573 2738 655 2796 terra
669 2733 802 2798 Hererdi
813 2731 845 2795 in
855 2731 1346 2812 Herlava,utrumessetliber1un

340 2843 469 2907 feudum
481 2841 617 2920 ecclesie,
634 2865 674 2907 an
689 2866 764 2907 non.
810 2844 955 2928 Cumque
972 2843 1044 2907 inde
1059 2843 1254 2906 summonita
1265 2845 1346 2906 esset

339 2951 515 3035 recognicio
527 2951 689 3015 duodecim
702 2951 841 3014 militum
853 2953 885 3015 in
901 2953 986 3016 curia
1002 2952 1085 3035 regis
1100 2953 1253 3030 faciende,
1262 2951 1347 3016 fecta

339 3069 389 3126 cst
399 3063 432 3124 in
444 3060 530 3123 curie
539 3059 664 3124 abbatis
674 3062 756 3144 apud
775 3061 946 3124 Herlavum
957 3085 1011 3145 per
1024 3062 1184 3126 licentiam
1199 3060 1347 3125 Rannulfi

341 3171 379 3236 de
412 3171 583 3250 Glanvillo,
613 3178 644 3235 et
670 3173 858 3256 juraverunt
886 3175 1096 3256 recognitores
1123 3197 1155 3238 sc
1184 3196 1347 3259 nunquam

340 3281 466 3346 scivisse
477 3279 685 3345 illumtcrram
696 3282 790 3345 luisse
802 3282 1024 3366 separatameb
1035 3283 1232 3362 ecclesie,sed
1242 3288 1348 3347 tumen

341 3393 428 3457 illam
439 3400 554 3458 terram
565 3393 674 3458 debere
686 3393 793 3457 abbati
803 3394 866 3458 tale
876 3393 1041 3458 servicium
1054 3394 1145 3478 quale
1159 3394 1252 3459 debet
1267 3405 1350 3458 terra

342 3504 518 3582 Eustachii,
533 3511 565 3568 et
580 3504 713 3589 quedem
730 3504 790 3568 elie
806 3511 886 3568 terre
909 3505 1057 3568 laicorum
1082 3505 1115 3568 in
1139 3505 1247 3570 eadem
1264 3505 1350 3571 ville.

342 3614 482 3680 Tandem
505 3615 656 3678 convenit
679 3615 836 3680 intereos
859 3615 922 3678 ite:
958 3615 1110 3698 magister
1133 3615 1292 3679 Jordanus
1317 3617 1350 3679 in

342 3726 434 3811 plena
453 3725 538 3790 curia
552 3725 736 3810 recognovit
752 3725 837 3789 illam
855 3731 971 3790 terrem
993 3747 1059 3790 esse
1074 3725 1189 3790 laicum
1210 3727 1350 3807 feudum,

342 3844 422 3902 etse
442 3835 538 3900 nichil
555 3835 627 3899 inde
644 3835 818 3910 vendicare,
835 3834 896 3897 nisi
920 3834 1127 3918 pergratiam
1143 3836 1287 3916 abbatis;
1318 3845 1351 3902 et

342 3947 428 4012 illam
448 3953 561 4010 terrem
587 3945 709 4011 tenebit
730 3944 878 4009 omnibus
900 3945 1010 4010 diebus
1026 3945 1091 4010 vite
1108 3969 1172 4024 sue,
1193 3947 1350 4012 reddendo

340 4058 414 4121 inde
441 4055 607 4120 aunuatim
631 4055 740 4120 abbati
768 4055 848 4118 XII.
870 4055 1013 4120 denarios
1037 4079 1093 4138 pro
1119 4056 1267 4121 omnibus
1290 4081 1351 4122 ser-

344 4189 444 4231 vicus.

541 4337 547 4366 ¹
568 4341 662 4390 Ghron.
676 4343 731 4391 Jco.
744 4342 776 4390 de
789 4343 889 4391 Brskel.
902 4343 933 4392 45
947 4343 1070 4404 (camden
1083 4343 1158 4406 Soc).
