3280 5132
673 647 814 692 usnemu
838 646 858 690 1.
1227 623 1269 688 29

262 799 391 865 abbatia
420 801 488 880 fiat,
518 809 551 867 et
587 800 829 866 consuetudines
861 821 917 884 pro
947 797 1063 883 quibus
1103 797 1270 882 Remigius

262 912 375 978 vinum
397 913 530 998 requirit
544 913 609 997 ipse
623 913 739 976 habeat
753 913 836 976 sicut
851 914 1026 974 monstrare
1041 908 1159 993 poterit
1179 914 1270 973 ante-

262 1046 397 1088 cessores
412 1024 478 1107 ejus
497 1023 643 1088 habuisse
659 1021 811 1107 temporis
825 1021 910 1105 regis
920 1019 1098 1084 Eadwardi.
1143 1019 1269 1084 Molen-

262 1135 374 1200 dinum
390 1134 428 1200 de
445 1135 692 1218 Grantebrugge
718 1132 801 1218 quod
827 1133 956 1197 Picotus
978 1131 1064 1211 fecit,
1089 1131 1270 1196 destruatur

263 1247 289 1310 si
327 1246 441 1310 aitera¹
486 1245 656 1309 disturbat.
724 1243 773 1307 De
815 1242 981 1307 dominicis
1022 1242 1114 1307 terris
1153 1247 1269 1306 sanctas

263 1356 488 1421 AEthsldrithas
502 1357 546 1421 sit
568 1355 665 1420 abbas
689 1355 817 1420 saisitus
841 1355 926 1418 sicut
948 1354 1010 1419 alia
1034 1353 1102 1419 vioe
1126 1353 1269 1439 praecepi,

262 1468 318 1553 qui
333 1467 447 1532 alteras
462 1471 574 1532 tenent
588 1464 638 1530 vel
654 1488 757 1530 socam
773 1472 805 1529 et
820 1488 936 1544 sacam,
957 1465 995 1530 de
1021 1465 1134 1530 abbate
1160 1485 1268 1548 recog·

263 1584 395 1644 noscant
409 1585 442 1644 et
456 1577 634 1643 deserviunt
649 1583 706 1641 aut
720 1599 771 1641 eas
786 1575 965 1641 dimittant.
1283 1571 1285 1576 ’

265 2127 402 2192 casus
435 2127 494 2191 OF
523 2124 629 2190 THIS
662 2122 808 2188 REIGN
839 2123 899 2187 OF
926 2123 1033 2187 hess
1065 2121 1265 2188 cnssslN

695 2258 825 2322 Ds'rn.

394 2419 521 2503 [Assos
545 2420 651 2482 Sunio
674 2439 701 2480 o.
725 2418 940 2481 Ancusrsnos
963 2418 1143 2499 Tsouss.]’

263 2577 332 2644 [The
342 2578 429 2642 kings
440 2579 501 2628 urit
511 2579 666 2642 confirming
673 2577 812 2642 judgment
822 2577 910 2627 before
922 2578 1029 2628 himself
1036 2579 1064 2628 in
1076 2579 1167 2629 isvour
1178 2580 1208 2630 of
1221 2580 1267 2630 the

555 2660 673 2722 plaintiff
680 2675 710 2709 as
722 2664 750 2709 to
762 2660 862 2709 certain
873 2659 972 2725 isnds]

263 2796 537 2876 W1nnunnus,rex
551 2797 742 2881 Anglorum,
753 2798 900 2864 Wistano
915 2797 1059 2883 episcopo
1069 2797 1265 2885 Wygorniae,

262 2912 295 2972 et
324 2908 485 2972 Willelmo
515 2908 579 2972 filio
610 2908 748 2990 Osberti,
779 2918 812 2974 et
849 2909 996 2974 omnibus
1033 2911 1203 2975 baronibus
1232 2915 1266 2973 ct

263 3019 417 3084 ministris
446 3020 511 3084 suis
540 3018 578 3085 de
610 3019 809 3085 Glouoestria
845 3027 878 3086 et
912 3021 951 3086 de
981 3022 1265 3107 Wyrecestresyra,

262 3130 408 3196 salutem.
453 3130 569 3195 Sciatis
598 3153 648 3194 me
672 3131 869 3210 concessisse,
899 3137 932 3196 et
957 3131 1138 3211 reddidisse,
1168 3137 1265 3218 atqua

134 3315 135 3320 η
262 3241 470 3321 confirmasse,
493 3241 572 3321 Deo,
599 3247 632 3305 et
659 3242 777 3306 Sancto
808 3242 903 3307 Petro
932 3243 970 3307 de
1001 3243 1206 3322 Gioucestria,
1231 3249 1265 3307 st

264 3353 387 3418 Serloni
415 3352 536 3430 abbati,
560 3359 593 3418 ct
623 3351 783 3416 monachis
813 3352 952 3440 ejusdem
982 3353 1127 3433 ecclesia,
1156 3376 1264 3418 omnes

262 3471 360 3530 terras
392 3488 465 3529 suas
501 3488 577 3549 quas
605 3465 741 3528 'ihomas
775 3464 1025 3550 archiepiscopus
1061 3465 1264 3529 Eborscensis

261 3575 377 3659 injuste
392 3577 532 3656 tenebat,
548 3574 668 3641 scilicet
684 3576 816 3656 bacche,
833 3576 1000 3656 Otintona,
1016 3576 1174 3655 Stanedis,
1189 3597 1262 3640 cum
1328 3559 1331 3568 ’

262 3686 410 3750 omnibus
434 3685 553 3750 eisdem
579 3685 820 3769 pertinentibus,
846 3687 891 3752 sic
921 3687 1040 3752 solutas
1071 3692 1104 3751 et
1128 3686 1263 3771 quietas,

261 3797 345 3862 sicut
359 3802 433 3861 ante
448 3819 498 3861 me
512 3797 711 3879 recognitum
728 3805 775 3862 est
790 3795 913 3861 caedem
928 3803 1026 3862 terras
1046 3796 1086 3860 ad
1101 3796 1263 3860 ecclesiam

261 3908 424 3993 praefatam
451 3905 561 3971 Sancti
588 3907 674 3972 Petri
699 3907 738 3971 de
764 3906 1001 3971 Gioucestriaa
1031 3909 1079 3970 sui
1109 3907 1263 3993 principio

261 4019 459 4106 pertinuisse,
483 4025 515 4083 et
541 4019 673 4083 eundem
698 4017 966 4102 archiepiscopum
992 4017 1119 4084 nullum
1144 4018 1199 4103 jus
1228 4019 1263 4084 in

261 4132 324 4198 iilis
339 4132 431 4198 terris
447 4131 602 4198 habuisse.
649 4130 755 4196 Quare
770 4129 841 4194 volo
864 4135 897 4195 et
918 4129 1051 4195 firmiter
1065 4131 1264 4218 praecipient

336 4307 339 4322 ¹
462 4294 469 4328 ¹
485 4295 566 4344 Other
577 4293 651 4342 MSS.
664 4294 821 4343 “alteram’'

455 4372 466 4404 ¹
483 4372 603 4422 2011ron.
617 4372 685 4418 Mon.
700 4371 789 4420 Glouo.
804 4371 850 4422 107
866 4371 937 4435 (noo.
950 4371 1044 4434 Qum).
