3286 5142
681 701 832 746 sansacu.
1196 685 1254 748 147

253 847 335 915 infra
362 850 565 917 cantuariam
585 852 619 916 in
642 853 752 919 codem
778 854 852 934 situ,
876 877 937 940 quo
962 861 1030 920 erat
1053 854 1177 940 quando
1202 854 1254 918 de-

254 966 413 1026 structum
431 962 505 1044 fuit,
520 986 560 1028 ne
585 987 677 1048 super
701 965 760 1030 hoc
783 965 898 1050 aliquis
921 987 971 1030 eos
994 965 1067 1030 inde
1086 964 1255 1030 disturbet.

254 1072 348 1139 'Peste
363 1074 518 1142 Warnero
532 1075 570 1141 de
587 1076 715 1155 Lusore,
730 1075 815 1162 apud
830 1075 1046 1142 cantuariam.

403 1409 540 1538 [Esrarn
556 1473 595 1518 or
612 1453 748 1519 Rursum
763 1454 942 1518 ansrrnnn.
989 1452 1118 1541 lltt.]¹

255 1579 370 1646 [Record
380 1580 409 1629 ot
415 1580 554 1646 judgmcnt
564 1582 687 1631 obtained
695 1582 729 1646 by
738 1583 783 1630 tbo
794 1583 891 1632 church
903 1582 933 1630 of
941 1583 980 1631 St.
992 1582 1057 1631 Paul
1067 1583 1096 1630 ot
1103 1580 1208 1632 London
1220 1579 1255 1644 (P)

319 1673 389 1720 upon
401 1659 553 1722 inquisition
572 1673 602 1706 as
621 1663 649 1707 to
667 1658 767 1707 certain
785 1659 848 1708 land
865 1659 896 1708 ot*
911 1661 973 1709 R.P.
995 1659 1082 1708 before
1100 1660 1145 1707 the
1161 1658 1256 1720 bisbop

319 1735 478 1876 pltldepydpn,
491 1736 536 1784 the
546 1735 642 1784 barone
653 1735 705 1785 and
717 1737 733 1760 “
742 1735 810 1798 legul
822 1735 904 1784 men¹'
916 1736 946 1785 of
959 1737 1004 1785 the
1015 1736 1120 1796 ohnrob,
1132 1735 1256 1799 reiigione

257 1917 296 1982 R.
313 1917 372 1981 Dei
388 1915 493 2002 gratia
508 1915 742 1980 Lundcniensis
756 1915 928 2002 episcopus,
940 1917 1065 1982 dilectis
1080 1917 1113 1981 in
1129 1917 1257 1982 Christo

255 2027 330 2091 tiliis
363 2027 480 2092 decano
509 2031 543 2092 et
571 2025 795 2090 archidiaconis
824 2034 856 2092 et
885 2028 945 2092 toti
975 2027 1114 2112 capitulo
1146 2026 1257 2092 Sancti

257 2138 360 2217 Pauli,
374 2143 407 2204 ct
421 2137 569 2203 omnibus
591 2137 760 2202 baronibus
788 2137 899 2203 Sancti
923 2139 1025 2217 Pauli,
1050 2144 1084 2204 et
1108 2138 1257 2203 omnibus

255 2249 403 2314 fidelibus
420 2254 454 2313 et
468 2248 541 2314 filiis
559 2250 681 2313 Sanctae
696 2247 842 2312 Ecclesia
862 2271 918 2333 per
939 2248 1153 2334 episcopatum
1169 2249 1254 2314 Lon-

255 2359 437 2425 donienscm
449 2358 642 2438 constitutis
653 2358 798 2423 salutem.
845 2359 955 2423 Sciant
969 2382 1078 2424 omnes
1092 2365 1159 2424 tam
1175 2382 1254 2444 prae-

256 2477 360 2536 acntes
384 2492 479 2556 quam
499 2468 609 2546 futuri,
624 2467 772 2552 quoniam
796 2467 829 2532 in
853 2468 1015 2534 audientia
1036 2475 1069 2534 et
1089 2469 1256 2554 praesentia

256 2587 363 2646 nostra
373 2603 428 2666 pcr
441 2580 573 2644 barones
588 2582 712 2641 nostros
726 2583 759 2644 et
773 2599 828 2662 per
839 2577 956 2662 legales
968 2578 1110 2644 homines
1122 2581 1257 2646 ecclesia)

256 2697 370 2757 nostru
384 2691 510 2756 clericos
525 2693 557 2755 et
571 2687 677 2766 laicos,
691 2687 852 2752 evidenter
865 2693 899 2752 et
913 2688 981 2753 sine
996 2689 1083 2753 omni
1098 2690 1255 2775 ambigui-

255 2809 324 2869 tate
341 2801 531 2888 inquisitum
553 2806 586 2865 et
608 2799 807 2883 recognitum
826 2805 885 2880 est,
905 2799 1054 2884 quoniam
1075 2801 1257 2867 Rannulfus

130 2931 137 2944 ·
246 2911 526 2998 -Peurellus,cujus
540 2934 652 2996 corpus
667 2909 701 2974 in
717 2919 824 2976 nostra
838 2911 1006 2996 requiescit
1020 2912 1158 2992 ecclesia,
1169 2914 1258 2980 dedit

255 3026 323 3091 Deo
338 3031 371 3090 et
388 3027 504 3090 Sancto
519 3023 628 3102 Paulo,
642 3045 698 3107 pro
708 3022 808 3087 salute
818 3023 931 3088 anima
944 3045 1017 3103 euae,
1028 3023 1063 3118 in
1074 3031 1258 3110 perpetuam

255 3137 469 3222 elemosynam
482 3141 601 3200 terram
616 3155 684 3218 quea
699 3138 830 3197 vocatur
843 3132 1103 3218 Edburgbetona,
1114 3135 1153 3199 ad
1162 3159 1257 3201 usum

255 3247 419 3312 luminaris
455 3244 751 3311 ecclesia—terram
783 3243 947 3327 prefatam
973 3244 1043 3310 Deo
1067 3251 1100 3310 et
1138 3247 1257 3313 Sancto

256 3358 355 3424 Panlo
369 3363 403 3422 et
417 3357 533 3422 decano
548 3361 582 3421 et
595 3355 745 3440 capitulo,
756 3354 796 3418 ad
811 3355 946 3420 eundem
971 3379 1065 3419 usum
1089 3355 1256 3421 luminaris

254 3467 296 3533 ad
320 3467 406 3554 quod
431 3467 506 3532 data
530 3471 589 3545 est,
615 3471 769 3550 tanquam
792 3487 882 3530 suam
905 3466 1063 3550 propriam
1090 3473 1256 3550 gratanter

254 3578 463 3646 concedimus.
521 3576 645 3641 Datum
684 3575 859 3640 Lundoniae
903 3597 986 3639 anno
1025 3575 1254 3642 incarnacionis

254 3688 430 3756 Dominicae
444 3683 635 3764 Mcxnss„
651 3685 847 3770 episcopatus
861 3685 962 3750 nostri
976 3683 1099 3769 primo;
1117 3709 1251 3770 praesen·

253 3799 352 3878 tibus,
366 3796 520 3862 fratribus
533 3801 566 3860 et
585 3795 658 3860 filiis
682 3795 798 3860 nostris
825 3795 962 3860 Radulfo
988 3795 1115 3877 decano,
1138 3803 1171 3862 et
1194 3797 1252 3863 Ri-

252 3911 345 3978 cardo
361 3908 466 3985 Ruffo,
481 3911 514 3973 et
537 3907 671 3972 Ricardo
687 3905 834 3983 Balmeis‚
861 3912 894 3971 et
918 3906 1078 3972 Ailwordo
1101 3907 1253 3974 archidia-

252 4023 352 4100 conis,
366 4019 492 4104 Rogero
507 4019 617 4082 Bruno
630 4017 779 4102 dapifero,
794 4017 955 4082 Willelmo
970 4018 1008 4083 de
1035 4019 1205 4101 Hoccend.,
1221 4028 1255 4088 et

252 4133 416 4200 Willelmo
431 4129 497 4194 filio
520 4129 598 4213 ejus,
623 4135 656 4194 et
682 4128 817 4192 Osberto
843 4129 999 4209 Masonlo,
1023 4136 1056 4195 et
1080 4131 1253 4199 Laurentio

253 4245 441 4322 Buocuinte,
455 4240 489 4305 in
504 4239 724 4325 solempnitate
740 4239 894 4306 Paschali.

475 4395 483 4427 ¹
501 4397 603 4459 Medon,
615 4397 684 4448 Eiet.
697 4395 778 4446 Exoh.
790 4397 839 4446 134
850 4395 904 4460 (ron
916 4394 977 4460 ed).

725 4507 745 4552 ι,
767 4491 785 4551 2
