3286 5142
358 651 419 724 178
603 669 737 715 emerus
759 665 1104 714 sucro-nonnam.

355 841 462 886 versus
476 819 578 906 igitur
592 842 647 887 rex
660 821 700 885 ad
715 819 861 886 abbatem
876 825 909 884 et
924 842 1006 898 snos,
1028 824 1049 855 “
1062 818 1146 898 Ite,’'
1161 815 1277 901 inquit,
1291 819 1312 850 “
1321 817 1354 880 et

353 931 483 996 consilio
498 931 618 1010 habito,
632 931 767 996 invicem
783 930 931 1009 conferte,
946 930 971 994 si
995 929 1076 995 forte
1097 929 1141 993 sit
1162 926 1281 1012 aliquid
1303 922 1355 990 cui

354 1042 491 1126 amplius
505 1065 600 1127 qnam
616 1041 689 1108 hnic
703 1047 796 1107 carta
813 1041 918 1106 velitis
933 1041 1040 1106 inniti.
1084 1041 1161 1104 Non
1175 1044 1283 1104 tamen
1298 1057 1354 1100 vos

354 1157 432 1236 puto
440 1155 480 1218 ad
490 1177 623 1238 praesens
631 1153 726 1219 aliam
738 1151 1176 1239 quaesiturosprobationem.”
1189 1150 1355 1214 Abeuntes

354 1261 462 1350 itaque
483 1265 579 1330 abbas
594 1270 627 1330 et
649 1263 698 1328 sui
714 1287 808 1350 snper
827 1264 886 1330 hoc
908 1263 1074 1329 consilium
1093 1260 1214 1339 inituri,
1234 1263 1354 1324 cartam

354 1395 444 1439 suam
459 1376 499 1440 ad
514 1397 640 1441 omnem
658 1374 877 1460 probationem
903 1395 969 1438 esse
992 1355 1198 1438 sufficientem
1221 1391 1355 1454 cognos-

354 1491 459 1550 centes
473 1508 513 1551 ex
527 1485 630 1550 verbis
648 1487 733 1569 regis
756 1483 889 1563 ultimis,
912 1483 1026 1569 quibus
1049 1481 1141 1563 dixit,
1167 1486 1188 1518 “
1196 1483 1272 1547 Non
1298 1500 1354 1544 vos

353 1601 433 1679 puto
447 1595 487 1660 ad
502 1617 636 1679 presens
650 1595 744 1659 aliam
759 1595 942 1679 quesituros
956 1593 1204 1679 probationem,”
1219 1593 1254 1656 in
1276 1613 1354 1676 prae·

354 1704 489 1770 sentiam
499 1705 583 1790 regis
597 1711 629 1771 et
640 1705 846 1771 assidentium
862 1705 971 1768 habito
986 1705 1053 1788 jam
1068 1703 1198 1769 consilio
1210 1702 1353 1781 redeunt,

354 1837 387 1880 se
402 1837 465 1881 non
479 1815 557 1880 alios
571 1815 668 1881 inniti
687 1820 746 1893 sut
770 1815 864 1880 aliam
888 1815 1085 1902 quaesituros,
1110 1820 1198 1879 extra
1222 1819 1353 1893 cartam,

353 1924 571 2010 probationem
599 1929 752 2005 asserunt,
781 1924 827 1990 nil
857 1947 890 1990 se
919 1924 1024 2009 magis
1052 1924 1103 1989 vel
1132 1924 1238 1990 minus
1263 1930 1354 1991 extra

354 2042 473 2101 cartam
488 2036 624 2121 exigere,
640 2057 734 2121 super
748 2036 806 2101 hoc
821 2041 927 2100 autem
942 2057 975 2100 se
989 2035 1143 2120 judicium
1155 2036 1250 2120 regiae
1262 2037 1354 2102 curiae

354 2153 526 2230 expectare.
570 2147 647 2212 Non
661 2147 796 2212 habente
810 2147 939 2212 adversa
954 2151 1043 2231 perte
1057 2146 1133 2230 quid
1144 2147 1353 2232 responderet,

354 2258 470 2342 quippe
498 2279 570 2324 cum
600 2263 720 2323 cartam
750 2257 898 2322 falsitatis
926 2279 984 2322 nec
1012 2257 1141 2322 auderet
1169 2279 1227 2322 nee
1249 2265 1355 2343 posset

353 2390 496 2453 arguere,
505 2368 579 2453 quia
589 2389 653 2433 non
661 2372 767 2451 posset
781 2365 921 2450 probare,
932 2366 1076 2430 unanimi
1091 2389 1243 2432 consensu
1254 2369 1354 2434 totius

355 2481 447 2544 curiae
461 2478 678 2563 adjudicatum
693 2481 752 2556 est,
766 2475 874 2541 abbati
889 2481 922 2541 et
936 2475 1071 2540 ecclesiae
1092 2476 1203 2542 Sancti
1218 2479 1354 2544 Martini

355 2590 394 2656 de
409 2589 497 2655 Bello
512 2589 617 2653 omnia
632 2586 742 2653 debere
765 2587 901 2665 restitui,
915 2608 985 2672 quae
1008 2593 1101 2652 cartoe
1122 2611 1185 2652 snae
1207 2589 1356 2674 exigebat

355 2700 546 2768 testimonio.
571 2747 579 2766 .
603 2747 612 2765 .
636 2747 644 2765 .
666 2699 720 2763 Ad
741 2698 826 2782 regis
841 2698 941 2782 igitur
962 2698 1129 2782 imperium
1145 2699 1228 2765 fiunt
1242 2701 1356 2766 litteras

356 2813 443 2896 regio
455 2811 559 2896 sigillo
574 2809 717 2896 signata,
732 2809 773 2873 ad
787 2815 925 2894 quatuor
940 2808 1056 2874 milites
1070 2809 1127 2894 qui
1142 2815 1218 2875 tunc
1232 2834 1272 2877 ex
1286 2814 1355 2898 ejus

356 2929 508 3009 praecepto
538 2919 795 2986 vicecomitatum
825 2918 1001 2984 Suthsexiae
1036 2919 1189 3004 regebant
1227 2922 1356 2988 celerius

356 3033 492 3110 directa,
507 3035 545 3095 ut
560 3031 676 3114 absque
690 3027 841 3093 dilatione
855 3033 972 3094 terram
987 3052 1082 3114 quam
1096 3030 1192 3096 abbas
1214 3033 1253 3098 de
1267 3033 1356 3098 Bello

357 3143 392 3207 in
408 3142 495 3206 curia
510 3163 566 3204 sua
581 3160 686 3205 coram
701 3160 737 3202 eo
750 3138 1007 3220 ditationaverat,
1023 3142 1142 3208 scilieet
1164 3148 1227 3209 tres
1249 3143 1356 3208 wistes

357 3259 447 3319 terrae
477 3251 511 3317 in
541 3249 750 3328 Bemehorne,
779 3270 853 3313 cum
882 3254 951 3315 toto
977 3251 1117 3332 marisco,
1141 3257 1175 3317 et
1203 3253 1355 3319 decimam

358 3362 516 3450 quandam
530 3360 569 3424 de
584 3359 746 3438 Bocholte,
762 3357 897 3424 ecclesie
920 3360 1030 3426 Sancti
1056 3361 1192 3428 Martini
1215 3363 1253 3428 de
1269 3365 1358 3430 Bello

358 3473 571 3551 restituerent,
585 3477 653 3536 tam
668 3470 791 3556 integre
806 3475 922 3535 ettam
941 3471 1090 3556 plenarie,
1111 3479 1179 3538 tam
1205 3475 1300 3540 libere
1325 3480 1358 3541 et

359 3587 464 3674 quiete
478 3584 658 3662 tenendam,
670 3582 753 3648 sicut
766 3582 959 3667 temporibus
972 3584 1057 3669 regis
1080 3585 1211 3650 Henrici
1233 3588 1286 3652 avi
1309 3586 1358 3652 sui

360 3703 441 3764 teste
455 3703 543 3761 carta
556 3717 613 3759 sua
627 3699 802 3772 tenuerant,
818 3693 985 3778 designata
1007 3697 1096 3780 prius
1118 3703 1201 3763 terra
1223 3699 1301 3784 ipsa,
1326 3704 1359 3764 et

359 3809 505 3875 terminis
526 3808 596 3891 ejus
620 3805 796 3891 peragratis
818 3827 874 3890 per
896 3805 1060 3872 duodecim
1086 3809 1169 3873 viros
1194 3809 1299 3875 fideles
1322 3809 1361 3874 de

360 3920 476 3987 vicinio
490 3918 589 4002 ipsine
598 3916 772 3982 tenementi
783 3917 840 4001 qui
851 3921 952 3981 metas
963 3918 1033 4002 ejus
1045 3919 1170 3998 scirent,
1180 3924 1213 3985 ct
1225 3920 1360 4004 obligati

361 4033 554 4096 sacramento
569 4028 737 4092 veritatem
752 4026 900 4092 dicerent.
947 4029 1019 4094 Quo
1034 4035 1177 4112 suscepto
1200 4030 1361 4110 mandato,

361 4140 516 4206 Ricardns
542 4138 581 4202 de
605 4137 759 4202 Chaaines
782 4137 837 4222 qui
860 4161 943 4203 unus
957 4143 1025 4205 erat
1039 4162 1080 4204 ex
1103 4140 1189 4206 IIII.
1205 4142 1361 4207 militibus

361 4249 614 4317 vicecomitatum
631 4247 805 4312 Suthsexiae
819 4254 898 4313 tunc
919 4250 1070 4335 temporis
1095 4251 1288 4334 regentibus,
1313 4275 1362 4317 so·

361 4361 479 4427 ciorum
495 4379 623 4423 suorum
637 4357 697 4421 sibi
712 4359 779 4424 vice
798 4358 974 4440 commissa,
988 4361 1177 4443 jamdictum
1199 4367 1361 4431 tenemen-
