3280 5132
343 629 382 692 10
587 650 721 694 nuncius
745 651 1095 698 suono-NORMANNICA.

345 799 489 884 [Bisuoe
520 800 594 865 Ono
628 824 655 865 v.
690 804 905 868 Ancnsusnor
940 805 1130 870 Lernaeus.
1166 807 1342 872 Pnosssur

513 930 594 975 soon
616 933 716 977 arran
737 933 801 977 uun
824 933 1009 979 ronncmno
1031 913 1170 998 ua1an.]¹

340 1068 431 1135 [After
449 1071 494 1120 the
510 1071 644 1134 foregoing
654 1073 724 1133 trial,
737 1072 800 1134 Odo,
811 1075 847 1137 by
858 1073 1012 1136 permission
1022 1073 1051 1122 oi
1067 1074 1112 1122 the
1130 1073 1196 1136 king
1214 1071 1266 1137 (his
1277 1074 1343 1124 hali·

403 1149 531 1212 brother),
544 1151 678 1200 institutes
689 1167 706 1200 a
717 1152 770 1200 suit
781 1151 822 1200 ior
833 1152 878 1200 ths
889 1167 1002 1214 purpose
1018 1151 1049 1200 ci*
1062 1152 1199 1214 annulling
1212 1153 1258 1201 the
1264 1152 1341 1216 judg-

403 1231 476 1276 ment
495 1229 628 1288 rendered,
648 1230 700 1278 und
717 1230 853 1294 regaining
870 1230 915 1279 the
932 1230 1007 1279 lnnds
1024 1230 1154 1293 ndjudged
1164 1234 1193 1278 tc
1205 1231 1341 1280 Lentinnc.

402 1307 439 1354 '1¹0
450 1306 503 1354 this
514 1307 575 1365 suit,
586 1322 646 1355 men
659 1307 750 1356 skilled
762 1309 789 1355 in
800 1309 845 1357 the
857 1309 907 1356 law
919 1323 963 1357 ere
972 1308 1133 1368 summoned,
1142 1307 1202 1366 and,
1212 1308 1342 1358 Lansreno

402 1383 494 1444 failing
505 1387 533 1432 to
544 1398 646 1446 appear,
655 1384 710 1433 Odo
721 1385 844 1434 succeeds
855 1385 883 1434 in
892 1385 933 1434 his
941 1399 1060 1448 purpose.
1094 1385 1149 1433 ‘I'hs
1157 1385 1239 1433 result
1248 1385 1271 1432 is
1282 1401 1341 1434 now

401 1462 522 1524 reported
534 1465 561 1510 tc
573 1462 702 1510 Lnnfrauc
713 1462 749 1524 by
760 1462 801 1511 his
812 1478 880 1522 rnen,
892 1464 944 1511 and
955 1464 1001 1511 the
1018 1462 1187 1526 proceedings
1207 1464 1340 1512 uamted.

402 1539 533 1588 Lanfranc
555 1539 657 1588 detecte
679 1555 713 1587 nn
734 1555 807 1588 error
824 1540 852 1588 in
870 1540 915 1588 the
933 1540 1075 1603 pleadings,
1098 1541 1151 1588 and
1171 1540 1341 1604 accordingly

402 1630 535 1664 summons
547 1629 563 1662 a
573 1619 649 1665 court
660 1616 701 1664 for
712 1617 757 1665 the
768 1619 832 1666 next
842 1616 902 1680 day,
913 1617 988 1666 when
1001 1617 1047 1665 the
1054 1617 1194 1681 judgment
1205 1618 1233 1665 in
1248 1617 1341 1666 favour

402 1693 432 1742 oi
440 1693 496 1742 Odc
507 1693 530 1742 is
541 1697 581 1742 set
593 1691 687 1758 asido]

337 1832 421 1895 Iunu
444 1833 506 1897 alio
520 1839 661 1917 tempore
676 1832 758 1897 idem
773 1833 854 1912 odo,
863 1833 1072 1916 permittente
1083 1856 1167 1919 rege,
1183 1834 1337 1918 placitum

335 1941 478 2007 instituit
501 1949 611 2008 contra
636 1943 816 2027 saepefatam
842 1943 1015 2023 eeclesiam,
1042 1949 1075 2008 et
1100 1951 1239 2009 tutorem
1268 1943 1338 2029 ejus

334 2058 455 2138 patrem
494 2054 720 2134 Lanirancum,
742 2059 776 2119 et
806 2053 881 2118 illuc
912 2076 1021 2119 omnes
1058 2077 1137 2140 quos
1174 2055 1337 2140 peritiores

333 2165 453 2248 legum,
469 2171 502 2230 et
517 2188 632 2229 usuum
648 2165 779 2250 Anglici
794 2165 885 2250 regui
900 2171 1042 2245 noverat,
1058 2189 1177 2251 gnarus
1192 2166 1336 2233 adduxit.

335 2277 418 2340 Cum
434 2275 536 2360 igitur
558 2274 597 2338 ad
623 2275 882 2339 eventilationem
906 2297 1072 2340 causarum
1087 2283 1218 2342 ventum
1245 2284 1336 2357 esset,

337 2410 447 2453 omnes
471 2387 526 2473 qui
551 2386 679 2452 tuendis
702 2387 837 2451 ecclcsiae
859 2387 961 2450 causis
985 2411 1107 2472 quaque
1123 2398 1336 2456 couvenerant

332 2499 366 2562 in
392 2497 494 2582 primo
518 2519 691 2581 congressu
716 2497 763 2561 ita
789 2497 927 2562 convicti
956 2504 1041 2577 sunt,
1074 2507 1111 2562 ut
1140 2499 1174 2562 in
1198 2523 1260 2584 quo
1283 2524 1335 2566 eas

332 2615 496 2674 tuerentur
519 2608 614 2672 simul
638 2609 831 2674 amitterent.
877 2609 951 2694 Ipse
974 2632 1110 2695 namque
1137 2611 1333 2678 Lanfrancus

333 2742 398 2784 non
430 2720 590 2783 intererat.
636 2719 765 2784 Talibus
794 2719 891 2799 enim,
922 2719 984 2786 nisi
1010 2720 1178 2786 necessitas
1210 2746 1335 2789 summa

334 2835 471 2914 urgeret,
483 2830 511 2893 ei
526 2829 675 2894 interesse
687 2829 783 2895 moris
798 2854 862 2895 non
878 2838 954 2897 erat.
999 2831 1067 2917 Ipsi
1077 2855 1152 2917 ergo
1168 2833 1202 2898 iu
1212 2856 1334 2899 camera

331 2941 473 3005 lectione
488 2939 602 3004 divinas
624 2946 774 3023 occupato
796 2940 873 3024 quid
888 2947 1017 3025 gestum
1041 2942 1137 3007 fuerit
1153 2944 1332 3010 nunciatur.

331 3045 379 3108 At
402 3043 465 3120 iile,
489 3042 535 3106 nil
560 3042 651 3108 corde
673 3043 870 3126 perterritae,
885 3043 974 3108 dicta
997 3045 1244 3110 adversariorum
1269 3069 1333 3111 non

331 3161 415 3220 recte
439 3153 625 3239 processisse
648 3154 795 3232 asseruit,
810 3162 842 3220 et
867 3155 937 3220 ideo
961 3161 1076 3220 cuncta
1098 3156 1132 3218 in
1159 3158 1332 3222 crastinum

330 3265 486 3331 induciari
499 3264 657 3350 praecepit.
703 3265 854 3350 Sequenti
876 3271 977 3344 nocte,
1000 3266 1090 3330 adest
1109 3267 1143 3331 in
1159 3267 1230 3332 visu
1252 3269 1334 3334 anti·

330 3377 400 3442 stiti
431 3377 542 3442 beatus
573 3377 771 3456 Dunstanus,
802 3399 934 3441 monens
963 3400 1003 3441 ne
1032 3377 1124 3442 ilium
1155 3379 1330 3444 multitudo

329 3490 509 3568 conturbet,
525 3487 577 3552 sed
601 3487 640 3551 de
661 3487 827 3570 presentia
849 3487 898 3551 sui
917 3511 1044 3552 securus
1066 3488 1222 3573 placitum
1237 3512 1331 3554 mane

329 3601 462 3685 ipsemet
476 3598 585 3663 hilaris
601 3599 710 3677 intret,
725 3598 808 3682 quod
824 3605 856 3662 et
871 3598 955 3664 fecit.
1003 3601 1083 3664 Sues
1098 3600 1207 3686 itaque
1222 3625 1332 3668 causas

329 3712 465 3796 quodam
487 3710 613 3776 exordio
635 3708 725 3794 quasi
747 3732 766 3772 a
781 3709 874 3773 rebus
896 3733 964 3795 quae
980 3717 1124 3776 tractate
1140 3714 1267 3779 fuerant
1281 3716 1330 3780 vel

328 3823 502 3888 tractandae
524 3823 651 3907 penitus
677 3821 778 3886 alieno
802 3822 924 3886 cunctis
948 3824 1149 3907 stupentibus
1172 3847 1270 3905 orsus,
1286 3828 1332 3890 ita

329 3932 480 4016 processit
503 3940 540 3996 ut
569 3957 639 4018 quaa
673 3955 765 4017 super
794 3957 866 3998 eum
891 3933 991 4018 pridie
1017 3935 1102 3998 dieta
1131 3935 1261 3999 fuerunt
1287 3938 1331 4000 sic

328 4042 508 4107 devinceret
522 4051 555 4107 et
572 4043 680 4107 inania
694 4067 759 4108 esse
774 4051 974 4122 monstraret,
991 4053 1029 4108 ut
1048 4044 1145 4109 donec
1162 4045 1236 4110 vitae
1252 4069 1330 4129 prae·

322 4152 410 4218 senti
426 4154 590 4238 superfuit,
605 4153 712 4218 nullus
726 4161 893 4238 exurgeret
907 4155 961 4240 qui
983 4155 1057 4220 iude
1080 4161 1189 4220 contra
1208 4179 1280 4220 eum
1296 4181 1331 4222 os

327 4264 475 4349 aperiret.

621 4392 628 4422 ¹
649 4386 717 4436 Hist.
731 4386 872 4444 Novarum,
884 4389 900 4436 9
914 4387 1039 4451 (Selden).
