3286 5150
345 545 406 608 236
593 561 726 607 rnacrrs
748 561 1093 608 suanononnaumcs.

343 712 498 794 innovari,
519 713 585 779 sive
607 712 735 778 ecclesia
756 737 870 779 vacans
892 715 945 795 sit,
968 713 1033 780 sive
1055 719 1178 800 pastore
1203 715 1347 780 ordinata

341 824 450 892 tuerit.
495 824 646 909 Praecopit
679 824 775 888 etiam
807 823 953 910 praedicto
976 826 1113 904 Thomas,
1135 826 1189 911 qui
1211 849 1346 910 praesens

342 940 420 1015 erat,
436 941 474 1000 ut
487 935 637 1020 qnoniam
651 935 786 1000 rationes
801 943 925 1016 nostrae,
941 936 1024 1000 siout
1037 959 1092 1021 per
1107 959 1163 1001 nos
1185 959 1288 1001 coram
1311 961 1347 1001 eo

342 1047 530 1112 sufficienter
554 1047 721 1131 probatum
745 1053 821 1126 erat,
844 1051 993 1131 separata
1019 1052 1095 1112 sunt
1125 1070 1144 1112 s
1173 1048 1347 1113 rationibus

342 1157 476 1237 abbatis,
491 1158 529 1222 de
543 1157 593 1222 his
608 1163 736 1223 tantam
751 1181 819 1244 quae
834 1159 874 1222 ad
888 1181 1042 1224 cameram
1058 1158 1182 1224 abbatis
1193 1166 1347 1244 spectant,

341 1291 448 1336 curam
464 1267 601 1334 baberet.
642 1269 693 1335 Ad
710 1291 745 1334 ea
761 1292 833 1335 vero
848 1292 916 1354 quae
931 1269 971 1334 ad
985 1291 1043 1334 nos
1058 1275 1202 1354 spectant
1217 1293 1345 1335 manum

342 1403 407 1446 non
427 1385 607 1465 apponeret,
629 1379 681 1446 sed
704 1379 832 1465 plenum
860 1381 913 1465 jus
938 1386 970 1445 et
993 1387 1192 1466 potestatem,
1218 1386 1285 1446 tam
1311 1383 1345 1446 in

341 1491 529 1557 tenementis
545 1491 661 1556 nostris
676 1513 771 1575 qnam
793 1491 826 1556 in
851 1491 1043 1572 tenentibus,
1057 1515 1114 1557 nos
1140 1491 1253 1558 hebere
1275 1515 1345 1578 per-

342 1600 493 1667 mitteret.
540 1600 675 1666 Dicebat
688 1601 773 1666 enim
788 1607 858 1666 tota
872 1600 958 1666 ouria
972 1603 1056 1687 quod
1078 1601 1215 1687 periculo
1236 1609 1344 1668 nostro

255 1757 256 1762 κ
342 1711 440 1792 fieret,
455 1711 572 1797 siquid
587 1735 606 1776 e
620 1712 802 1778 custodibus
816 1712 901 1797 regis
916 1719 1135 1798 temptaretur,
1150 1713 1234 1798 quod
1248 1712 1343 1778 abba·

341 1821 427 1888 tibus
442 1823 533 1889 licere
548 1844 612 1888 non
626 1822 730 1888 debet.

373 1993 499 2059 [Thom
509 2008 568 2043 now
579 1994 669 2042 mnkes
680 2007 714 2041 sn
725 1992 903 2042 enumeraticn
911 1992 940 2042 cs
948 1992 992 2042 the
1004 1991 1083 2055 goods
1100 1993 1132 2041 ot
1147 1993 1192 2042 the
1211 1993 1281 2056 prior
1292 1993 1343 2042 and

339 2074 439 2134 monks,
447 2073 499 2122 and
510 2087 572 2136 goes
583 2071 669 2121 before
680 2071 725 2120 the
735 2075 810 2121 court
821 2071 886 2120 with
894 2071 923 2130 it,
932 2071 1106 2134 anticipating
1115 2071 1159 2120 the
1165 2075 1282 2130 convent,
1292 2072 1343 2121 and

338 2149 436 2212 hoping
446 2153 475 2291 t]o
485 2149 574 2198 obtsin
586 2164 620 2198 sn
631 2148 706 2198 order
716 2152 745 2198 to
756 2148 818 2198 take
829 2148 874 2198 the
886 2163 958 2198 same
975 2148 1031 2198 into
1043 2147 1160 2213 castody,
1172 2149 1221 2198 bnt
1232 2150 1344 2198 without

339 2241 450 2276 success.

383 2361 512 2426 Fecerat
534 2367 641 2425 autem
666 2359 835 2446 praedictus
859 2361 996 2426 Thomas
1010 2381 1119 2426 omnes
1133 2359 1342 2445 possessiones

338 2476 372 2536 et
385 2469 627 2536 eonsuetudines
641 2477 764 2535 nostras
779 2469 948 2556 separatim
963 2470 1127 2549 conscribi,
1142 2493 1246 2536 exors
1257 2473 1341 2557 regis

339 2587 371 2646 et
381 2581 514 2666 justitias
529 2581 668 2666 loquens,
684 2603 724 2646 ne
738 2580 836 2645 ullam
851 2579 884 2643 iu
899 2580 949 2645 his
964 2603 1032 2666 qnae
1046 2582 1144 2646 facere
1156 2581 1342 2666 properabat

340 2692 509 2758 sustineret
520 2692 687 2777 repulsam.
711 2691 804 2758 Istud
813 2691 966 2777 scriptum
978 2693 1340 2774 secumadscaocarium,

337 2803 472 2888 priorem
488 2811 521 2870 et
536 2805 645 2868 fratres
655 2802 858 2889 preveniens,
870 2801 995 2882 detulit,
1008 2808 1041 2868 et
1051 2803 1198 2868 omnibus
1202 2803 1341 2888 justiciis

339 2914 488 2994 ostendit,
518 2914 644 2979 credens
673 2936 705 2979 se
733 2936 824 2997 posse
853 2913 994 2978 obtinere
1023 2915 1107 2998 quod
1135 2915 1340 2998 possessiones

337 3031 451 3089 nostrae
473 3024 506 3088 in
523 3046 635 3088 manus
649 3025 718 3109 ejus
734 3025 938 3104 traderentur,
953 3030 992 3090 ut
1006 3026 1128 3091 vietum
1143 3031 1176 3090 et
1190 3027 1339 3091 vestitum

338 3135 478 3202 tenuiter
491 3134 582 3200 nobis
596 3133 669 3200 inde
684 3133 888 3215 ministraret,
903 3141 936 3201 et
961 3136 1067 3202 omnia
1090 3159 1158 3222 quae
1183 3159 1340 3222 superesse

337 3253 476 3333 possent,
490 3247 564 3311 fisco
589 3245 725 3312 inferret.
770 3246 857 3310 Nam
877 3251 911 3311 et
940 3247 1040 3313 modis
1070 3248 1216 3313 omnibus
1245 3248 1339 3314 fidem

337 3357 475 3445 justiciis
489 3358 587 3424 iacere
602 3356 765 3424 nitebatur
777 3357 985 3443 pertinentias
1000 3364 1123 3424 nostras
1137 3382 1202 3424 non
1213 3365 1340 3425 tantum

337 3468 452 3556 aequari
474 3468 673 3554 pertinentiis
695 3468 829 3548 abbatis,
844 3469 898 3534 sed
920 3468 1017 3534 etiam
1038 3469 1088 3534 his
1102 3469 1256 3550 deductis,
1271 3492 1340 3555 quse

337 3605 392 3667 per
412 3603 541 3646 manum
558 3580 681 3645 abbatis
696 3579 729 3644 in
744 3580 887 3645 terminis
909 3580 1002 3646 certis
1024 3581 1156 3666 recipere
1178 3581 1340 3646 consuevi·

338 3715 420 3771 mus,
435 3692 609 3777 portionem
625 3692 694 3776 ejus
708 3697 849 3775 respectu
865 3691 1017 3777 portionis
1037 3697 1151 3757 nostrae
1174 3691 1339 3756 minimam

338 3825 412 3868 esse.
429 3803 531 3886 Cujus
540 3801 693 3865 instantia
703 3801 841 3866 multum
851 3801 942 3866 nobis
954 3801 1188 3883 nocuisset,nisi
1203 3803 1252 3886 (ut
1261 3826 1339 3887 prae·

337 3913 487 3998 diximus)
498 3912 582 3997 prior
591 3918 623 3977 et
632 3912 743 3978 fratres
757 3911 848 3976 illum
858 3935 877 3976 a
887 3912 1022 3996 vestigio
1031 3912 1140 3992 secuti,
1152 3912 1190 3978 de
1205 3911 1340 3997 singulis

337 4023 614 4088 consuetudinibus
640 4027 673 4087 et
697 4021 943 4107 possessionibus
962 4020 1126 4110 justiciam
1149 4022 1273 4114 plenius
1288 4021 1337 4086 in-

336 4133 535 4212 struxissent,
549 4138 582 4198 et
596 4155 647 4198 eas
662 4132 773 4218 sapius
788 4132 878 4198 nobis
893 4155 956 4198 non
972 4134 1112 4199 sufficere
1127 4133 1315 4199 docuissent.

380 4245 419 4308 In
432 4249 559 4308 tantum
569 4243 701 4330 denique
710 4243 874 4330 praevaluit
882 4243 986 4329 gratia
995 4243 1055 4311 Dei
1065 4245 1148 4330 qnod
1158 4244 1338 4310 Rannulsus
