3286 5150
713 667 820 712 66616(
843 667 880 713 11.
1237 650 1300 712 267

302 819 457 894 futurum,
484 841 552 905 eam
576 817 723 902 praesenti
746 817 864 902 scripto
890 822 1075 882 annotatam
1095 817 1302 901 posteriorum

301 928 457 992 memoriae
471 933 716 992 reservaverunt.
764 929 865 1012 Super
879 928 937 992 hoc
952 927 1048 992 ctiam
1063 950 1102 993 ne
1123 928 1192 1014 jam
1207 950 1301 1012 saepe·

300 1039 404 1102 dictus
419 1038 599 1102 Willelmus
614 1038 664 1102 vel
679 1037 795 1122 aliquis
810 1059 939 1102 suorum
963 1037 1112 1102 adversus
1138 1038 1300 1102 abbatiam

303 1149 413 1214 Sancti
432 1149 519 1213 Petri
536 1148 635 1233 possit
655 1149 736 1212 hanc
758 1147 949 1211 calumniam
975 1147 1131 1228 invocare,
1154 1170 1302 1234 cyrogra-

301 1261 401 1344 phum
416 1260 525 1345 scripti
536 1260 620 1324 inter
635 1281 667 1323 66
682 1259 867 1338 diviserunt,
879 1281 1015 1344 appenso
1030 1260 1136 1344 sigillo
1145 1259 1302 1325 Willelmi

301 1369 360 1434 filii
391 1370 543 1454 Stephani
573 1369 766 1434 vicecomitis
796 1370 842 1433 illi
877 1370 961 1453 parti
990 1371 1176 1455 cyrographi
1206 1392 1302 1454 qnam

301 1479 398 1543 abbae
411 1487 444 1544 et
460 1479 606 1544 monachi
615 1501 709 1564 penes
724 1501 757 1543 66
771 1479 981 1557 retinuerunt,
993 1485 1026 1543 61
1041 1479 1146 1562 sigillo
1161 1481 1190 1563 ej
1195 1479 1302 1544 uadem

302 1588 456 1654 Willelmi
471 1589 509 1654 de
526 1589 697 1673 Berlrcleye
712 1587 752 1651 ad
767 1594 952 1672 perpetuum
968 1588 1064 1672 hujus
1086 1588 1303 1654 conventionis

302 1721 476 1763 munimen.

361 2109 401 2193 [J
404 2128 525 2172 namur
547 2127 614 2171 nun
638 2108 769 2171 Rounrrr
791 2131 817 2173 6.
842 2109 948 2172 Puron
969 2129 1036 2173 nun
1058 2111 1181 2176 Mours
1203 2131 1243 2176 un

647 2219 767 2282 Rorrn.
814 2220 942 2303 111111]Ι
962 2305 963 2308 ¹

304 2355 386 2416 Hac
411 2359 461 2416 661
486 2352 590 2416 finalis
613 2354 775 2417 concordia
800 2354 883 2418 facta
907 2355 940 2417 in
964 2355 1050 2420 curia
1072 2356 1193 2420 domini
1219 2357 1302 2441 regis

301 2463 383 2546 apud
400 2462 720 2527 westmonasterium
746 2463 786 2527 ad
812 2464 1021 2543 scaccarium,
1036 2465 1070 2528 in
1090 2467 1170 2530 16616
1192 2466 1301 2530 Sancti

301 2572 468 2637 Michaelis
478 2595 559 2636 anno
570 2572 717 2638 vicesimo
728 2595 811 2638 nono
827 2573 917 2658 regni
933 2575 1015 2658 regis
1029 2575 1159 2640 Henrioi
1173 2577 1301 2641 secundi

301 2681 352 2746 die
366 2681 524 2747 dominica
538 2684 682 2769 proxima
701 2689 775 2750 ante
798 2685 914 2749 festum
931 2685 1085 2750 Omnium
1102 2688 1300 2767 Sanctorum,

300 2815 404 2856 coram
428 2794 469 2857 R.
485 2793 711 2874 wintoniensi,
726 2801 759 2860 et
785 2797 826 2860 G.
843 2794 973 2873 Eliensi,
989 2801 1022 2859 61
1047 2797 1077 2861 J.
1094 2797 1300 2877 Norwicensi,

300 2900 461 2985 episcopis,
477 2907 510 2966 61
525 2901 695 2967 Godefrido
708 2903 747 2967 de
764 2904 864 2988 any,
880 2911 912 2968 et
937 2903 1071 2969 Ricardo
1096 2907 1300 2987 thesaurario,

299 3019 333 3074 61
348 3012 474 3095 Rogero
488 3011 554 3077 filio
567 3013 731 3091 Remfridi,
747 3019 780 3077 61
790 3014 951 3079 Willelmo
962 3015 1084 3094 Bascct,
1096 3022 1129 3080 61
1140 3018 1301 3082 Rannulfo

299 3119 337 3184 (16
354 3121 523 3206 Geddyng,
539 3128 571 3186 et
587 3122 724 3186 Roberto
739 3121 778 3186 de
792 3123 965 3206 Wytefeld,
980 3129 1013 3188 et
1029 3125 1185 3191 Michaele
1200 3128 1301 3207 Belet,

299 3238 333 3295 et
357 3232 427 3296 aliis
449 3233 619 3296 baronibus
645 3232 765 3296 domini
792 3233 875 3316 regis
901 3233 946 3297 ibi
972 3241 1048 3300 tuno
1076 3237 1300 3320 praesentibus;

299 3342 384 3406 inter
398 3343 533 3427 priorem
548 3349 580 3407 et
594 3344 763 3407 monachos
789 3343 827 3408 (16
844 3345 946 3424 Rcffa,
961 3353 994 3410 61
1017 3347 1039 3408 J
1041 3347 1179 3412 ulianam
1203 3349 1300 3413 filiam

303 3453 448 3517 Fuloonis
477 3452 516 3517 (16
545 3452 718 3516 Newcham
747 3458 781 3515 61
810 3452 986 3518 Robcrtum
1015 3455 1053 3519 (16
1083 3457 1301 3541 Champeynea

300 3563 402 3626 filium
417 3562 516 3647 ipsius
531 3562 675 3638 16116666,
690 3561 729 3625 (16
744 3563 947 3627 advocatione
962 3564 1097 3629 66616616
1121 3567 1159 3630 (16
1177 3567 1299 3631 North·

298 3679 392 3751 tone;
415 3673 498 3737 unde
520 3671 693 3757 recognitio
716 3673 909 3738 summonita
923 3673 988 3738 1611
1001 3674 1085 3738 inter
1099 3698 1150 3740 666
1165 3676 1198 3738 16
1213 3678 1299 3741 curia

299 3781 419 3846 domini
434 3781 519 3866 regis
526 3807 536 3859 ς
562 3781 680 3846 66111661
694 3782 778 3866 quod
790 3781 939 3865 praediota
954 3785 975 3846 J
976 3782 1082 3847 uliana
1097 3791 1129 3848 61
1145 3785 1300 3851 Robertus

300 3893 383 3955 111166
408 3915 482 3955 6666
509 3891 660 3956 dederunt
684 3897 717 3956 61
740 3898 961 3958 concesscnmt
985 3893 1134 3977 praedicto
1157 3895 1252 3979 priori
1268 3903 1300 3962 et

299 4001 460 4066 monachis
474 4001 709 4066 advocationem
727 4002 881 4086 praediotae
900 4003 1033 4068 eccleaiae
1051 4004 1088 4068 de
1109 4005 1301 4087 Northtone,

299 4117 331 4177 61
345 4117 565 4176 concesserunt
580 4111 815 4176 advocationem
831 4135 926 4196 quam
939 4113 1035 4178 Fulco
1047 4121 1136 4198 pater
1147 4116 1301 4200 praediotae

300 4223 322 4284 J
324 4221 435 4286 uliunae
449 4222 495 4286 616
510 4221 585 4286 16611
601 4221 639 4285 (16
655 4222 783 4305 praefata
797 4223 933 4288 66616616.

569 4366 576 4397 ¹
595 4339 915 4428 n1m01,nuc.n10n.⁰57
929 4372 1052 4433 (61661.
