3280 5132
375 619 415 684 70
619 640 752 686 amorra
774 639 1125 686 auom-roauaumca

372 791 510 876 regalem
541 792 747 878 capellanum,
774 793 983 858 Willielmum
1013 793 1161 878 Capram,
1193 791 1371 858 Hardinum

373 902 519 968 Belnoldi
535 902 648 984 filium,
663 903 704 968 ad
718 903 941 988 investiganda
955 904 1075 990 regalia
1089 903 1213 988 placita
1247 903 1373 970 Quibus

372 1013 407 1078 in
431 1013 556 1099 placitis
579 1014 787 1100 calumpniati
811 1021 887 1080 sunt
908 1015 1033 1080 cuidam
1058 1015 1214 1081 mansioni
1236 1013 1373 1080 abbacia

371 1126 545 1207 l'aviensis,
560 1127 697 1206 nomine,
713 1125 941 1206 Wlurintuna,
964 1127 1103 1193 dicentes
1122 1133 1155 1192 et
1180 1127 1373 1192 affirmantes

371 1237 460 1303 illam
475 1237 670 1304 mansionem
680 1237 797 1322 injuste
808 1237 943 1304 attinere
955 1237 1216 1324 Tavystocbiensi
1227 1235 1372 1318 abbaoiae,

373 1354 421 1414 set
446 1349 551 1434 potius
575 1347 664 1412 illam
690 1347 790 1431 regali
808 1347 949 1413 dominio
970 1371 1092 1434 semper
1111 1357 1196 1416 recte
1218 1349 1371 1413 insistere.

372 1459 477 1525 Dictis
492 1483 626 1546 quorum
643 1465 676 1525 et
691 1459 879 1545 calumpniis
900 1483 958 1526 nos
981 1461 1174 1546 abnegantes
1189 1459 1371 1546 comproba-

371 1573 488 1653 vimus,
504 1573 702 1638 mansionem
726 1571 814 1636 illam
840 1573 1049 1658 plurimorum
1072 1575 1260 1639 auctoritate
1284 1587 1372 1638 ante-

373 1707 530 1752 cessorum
551 1689 731 1749 nostrorum
751 1685 1011 1769 Tavystochiensi
1026 1685 1160 1751 abbatia
1174 1687 1292 1770 absque
1308 1684 1373 1749 ulla

372 1795 555 1880 calumpnia
570 1794 722 1879 perhenni
736 1794 808 1876 jure
823 1795 991 1880 pertinere.
1036 1797 1110 1863 Qua
1131 1797 1171 1862 de
1196 1819 1288 1861 causa
1310 1816 1374 1860 una

373 1932 445 1975 cum
458 1907 615 1993 regalibus
625 1907 813 1992 supradictis
825 1907 1064 1992 placitatoribus
1073 1931 1179 1994 regem
1192 1909 1372 1993 Anglorum

372 2019 594 2107 requisivimus
623 2017 773 2102 quatinus
803 2017 892 2082 illam
925 2019 1121 2084 mansionem
1158 2019 1372 2104 supradictam

371 2156 428 2218 pro
457 2132 519 2197 Dei
548 2154 652 2196 amore
681 2137 715 2195 et
746 2132 869 2195 Sanctae
899 2131 1022 2213 Mariae,
1052 2131 1197 2198 Taviensi
1228 2132 1372 2212 abbatia,

372 2245 488 2329 absque
497 2243 563 2308 ulla
573 2241 752 2326 calumpnia
762 2242 913 2326 perhenni
920 2243 1003 2329 jure,
1014 2243 1195 2309 concederet
1204 2243 1372 2328 subjacere.

375 2355 499 2423 Quibus
514 2354 639 2440 quidem
659 2352 776 2418 auditis
792 2359 824 2417 et
838 2354 990 2418 enarratis
1005 2361 1079 2420 ante
1093 2377 1212 2440 regem,
1226 2355 1293 2440 ipse
1319 2378 1374 2420 rex

371 2465 519 2554 petitioni
543 2471 658 2530 nostrae
683 2463 898 2548 adquiescens,
921 2487 979 2548 pro
1005 2465 1113 2530 anima
1137 2467 1236 2551 patris
1262 2466 1311 2531 sui
1340 2471 1373 2532 et

373 2577 486 2644 matris
510 2599 583 2655 suae,
607 2575 741 2640 abbatia
765 2575 827 2640 Dei
849 2581 880 2640 et
905 2576 1029 2641 Sancta
1054 2577 1167 2642 Mariae
1190 2577 1373 2661 Tavyiensis

371 2691 507 2758 ecclesias
531 2688 620 2752 illam
643 2686 850 2763 mansionem,
866 2685 1013 2753 videlicet
1036 2687 1242 2754 Wlurintune
1267 2689 1372 2774 inper-

372 2811 468 2890 petuo
482 2801 651 2867 restituens
667 2797 701 2863 in
715 2799 781 2862 baec
795 2796 892 2862 verba
905 2797 1083 2882 respondit:

416 2917 487 2998 Ego
518 2909 720 2976 Guillielmus
757 2933 811 2974 rex
841 2909 1020 2994 Anglornm
1051 2911 1192 2976 Osberao
1229 2909 1372 2995 episcopo

372 3025 505 3092 salutem
533 3028 567 3088 et
583 3019 766 3092 Guillielmo
792 3019 858 3084 filio
874 3019 1058 3106 Baldewyni
1084 3026 1118 3086 et
1134 3021 1275 3086 Guarino
1291 3023 1372 3086 vice-

373 3137 482 3206 comiti
497 3137 536 3200 de
552 3132 712 3199 Cornubia
727 3139 759 3197 et
774 3131 921 3196 omnibus
936 3130 1080 3197 fidelibus
1103 3133 1181 3198 meis
1197 3133 1326 3197 Francis
1340 3139 1373 3197 et

373 3249 490 3334 Anglis
504 3247 542 3312 de
557 3243 752 3310 Devenasira
765 3249 798 3308 et
814 3243 984 3308 Cornubia.
1031 3244 1147 3309 Sciatis
1172 3267 1224 3310 me
1248 3245 1372 3310 dedisse

373 3363 441 3428 Deo
457 3365 490 3425 et
505 3359 630 3422 Sancta
645 3355 757 3419 Maria
772 3361 804 3419 et
818 3353 953 3419 ecclesiae
968 3353 1006 3418 de
1022 3353 1183 3440 'ravyseok
1195 3377 1251 3440 pro
1267 3356 1373 3420 anima

371 3472 472 3558 patris
495 3469 558 3534 mei
582 3473 616 3533 et
642 3466 753 3530 matris
779 3488 855 3529 mea
881 3465 1040 3550 ipsiusque
1066 3465 1128 3529 mei
1144 3465 1319 3531 manerium
1334 3466 1372 3532 de

371 3584 591 3660 Wlurintuna,
607 3585 639 3644 et
662 3583 700 3641 ut
722 3577 801 3642 bene
825 3576 904 3641 illud
930 3582 962 3640 et
988 3576 1157 3640 honorifice
1179 3576 1212 3640 in
1228 3578 1372 3642 omnibus

372 3693 575 3763 Guimundus
591 3711 841 3772 successoresque
856 3687 905 3752 sui
925 3687 1053 3752 abbates
1072 3689 1239 3753 constituti
1258 3689 1372 3754 indesi-

370 3815 483 3874 nenter
498 3803 650 3870 hactenus
665 3801 856 3886 possideant.
903 3799 974 3864 Hoc
990 3797 1124 3882 denique
1142 3801 1244 3865 sciant
1264 3823 1372 3865 omues

370 3917 454 4002 quod
469 3939 522 3980 rex
536 3937 592 4000 per
606 3913 768 3978 cultellum
783 3911 956 3978 eburneum
976 3911 1061 3994 quod
1086 3911 1120 3976 iu
1146 3935 1243 3976 manu
1267 3913 1372 3978 tenuit

369 4033 403 4092 et
432 4023 540 4090 abbati
568 4023 708 4108 porrexit
737 4025 794 4087 hoc
825 4023 943 4086 donum
974 4021 1098 4106 peregit
1126 4023 1212 4107 apud
1241 4024 1371 4102 curiam,

370 4135 551 4202 testimonio
567 4133 704 4200 virorum
720 4133 846 4197 illorum
869 4131 999 4196 nomina
1018 4155 1150 4218 quorum
1174 4132 1373 4220 infrascripta

370 4247 585 4312 dinoscuntur.
630 4245 701 4329 Ego
722 4243 940 4309 Walchalinus
955 4244 1196 4329 Wyntoniensis
1211 4246 1372 4332 episcopua

369 4357 441 4423 dedi
456 4355 686 4422 testimonium.
733 4356 804 4438 Ego
820 4355 980 4419 lohannes
996 4355 1197 4421 Batoniensis
1212 4359 1373 4444 episcopus
