3280 5132
675 1139 936 1244 WILHAM
981 1139 1041 1242 ΙΙ.

362 1363 447 1448 [Tun
470 1365 582 1429 Anuor
604 1385 643 1430 or
658 1368 835 1432 Anmcnor
858 1387 924 1430 arn
947 1388 967 1431 a
991 1367 1127 1431 Mmauu
1149 1389 1175 1432 o.
1200 1369 1359 1430 Aroma.

741 1476 996 1561 1088--1089.]ι

358 1633 425 1699 [Tho
436 1635 575 1685 defendant
593 1635 722 1700 adjudgod
739 1638 775 1700 by
795 1639 839 1687 the
855 1639 957 1688 abbot’s
977 1643 1053 1688 court
1070 1643 1098 1688 to
1109 1653 1161 1702 pay
1173 1639 1297 1701 damuges
1317 1638 1358 1686 for

422 1714 467 1763 the
485 1715 610 1856 riulawsnl
628 1715 788 1764 destruction
810 1717 841 1766 of
860 1733 895 1766 au
917 1717 1047 1780 aqueduot
1069 1718 1104 1781 by
1117 1718 1158 1766 his
1171 1715 1356 1780 (defendant's)

421 1806 489 1840 rnen.

359 1892 470 1956 Huius
485 1893 569 1978 regis
584 1894 675 1978 regui
690 1917 773 1959 auno
797 1894 942 1972 secunde,
967 1896 1093 1980 quando
1117 1895 1229 1961 civitas
1256 1897 1358 1961 Roue-

356 2011 456 2068 cestra
470 2003 627 2068 abeodem
643 2003 855 2085 obsidebatur,
867 2012 1104 2071 contratenente
1119 2007 1222 2089 ipsam
1235 2006 1357 2085 Odone,

356 2114 520 2178 Baiocensi
531 2115 684 2199 episcopo,
699 2115 839 2201 ejusdem
862 2117 946 2200 regis
972 2124 1094 2201 patrue,
1110 2118 1244 2182 ductum
1259 2140 1359 2201 aquae,

356 2247 449 2310 quem
465 2225 563 2310 vulgo
585 2226 707 2290 Laeche
730 2226 903 2310 appellant,
929 2226 1013 2310 apud
1038 2227 1210 2306 Boteleam‚
1236 2226 1297 2290 viri
1320 2226 1359 2290 de

358 2337 532 2402 Seuecurda
546 2337 658 2401 illicito
672 2359 752 2402 ausu
764 2337 937 2420 fregerunt.
984 2336 1108 2401 Quibus
1118 2343 1195 2402 tuuc
1208 2337 1359 2422 temporis

355 2446 521 2512 Anskillus
547 2446 780 2526 dominabatur,
804 2447 857 2511 sed
887 2447 994 2512 eadem
1021 2448 1054 2510 in
1079 2448 1282 2532 quastionem
1309 2471 1358 2512 res

355 2565 463 2643 postea
478 2557 510 2621 in
527 2558 650 2623 abbatis
665 2559 832 2642 prasentia
846 2558 959 2642 posita,
974 2580 1038 2621 non
1054 2558 1164 2623 debere
1186 2563 1357 2623 fracturam

354 2668 443 2733 illam
457 2691 494 2733 eo
508 2692 570 2754 quo
586 2671 669 2734 faeta
685 2676 732 2733 est
746 2669 839 2733 modo
866 2669 932 2734 fieri
955 2669 1193 2734 ratiocinatione
1219 2669 1358 2734 sancitur

355 2779 489 2864 publiea.
534 2778 629 2844 Unde
653 2779 705 2844 ille
721 2779 886 2844 Anslrillus
910 2780 994 2865 apud
1017 2780 1165 2846 abbatem
1189 2781 1248 2844 hoc
1272 2803 1357 2845 com-

355 2891 488 2955 missum
503 2891 544 2954 X.
560 2890 709 2974 pependit
725 2891 840 2956 solidis.
885 2891 965 2974 Egit
980 2901 1086 2955 tamen
1111 2896 1149 2956 ut
1172 2897 1250 2956 tune
1274 2891 1358 2954 indi-

355 3007 478 3064 ceretur
488 2999 715 3065 molendinario
729 3001 789 3066 loci
804 3001 890 3065 illius
906 3009 1063 3086 quatenus
1079 3001 1139 3067 sibi
1155 3001 1292 3087 singulis
1318 3000 1357 3065 ab

354 3135 390 3177 eo
405 3111 584 3176 redderetur
600 3109 691 3176 annis
706 3111 840 3174 duarum
856 3133 980 3176 summa
991 3134 1127 3176 orarum.

387 3294 591 3344 Thedefondant
610 3309 665 3343 was
682 3293 782 3343 atthis
804 3294 865 3342 time
884 3307 901 3342 u
920 3298 1013 3343 tenant
1024 3295 1055 3344 of
1066 3295 1206 3358 Abingdou
1216 3295 1252 3358 by
1263 3267 1357 3358 knipht
1441 3345 1445 3352 ,

356 3377 462 3427 service,
497 3377 512 3425 2
525 3376 595 3425 Hist.
608 3375 677 3424 Mon.
691 3375 803 3438 Abingd.
814 3377 832 3424 4
845 3375 919 3434 (Reo.
932 3376 1022 3438 Com).

403 3768 624 3852 [Crr1zausor
647 3765 786 3831 Loroor
808 3785 875 3829 arn
898 3768 1010 3829 Aaron
1025 3764 1142 3828 Wroo.
1189 3759 1313 3848 1090.]²

355 3901 456 3967 [Abbot
467 3902 550 3964 Wydo
561 3901 665 3949 obtaius
676 3901 815 3964 judgmsnt
826 3900 930 3962 against
942 3899 988 3948 the
999 3899 1107 3948 citizens
1118 3897 1146 3946 of
1162 3896 1277 3956 London,
1289 3901 1356 3945 osta·

418 3981 532 4041 biishing
543 3979 589 4028 the
599 3979 671 4041 right
683 3979 712 4027 of
726 3979 771 4027 tho
783 3977 879 4027 ohurch
890 3976 918 4025 of
931 3976 969 4025 St.
982 3976 1129 4039 Augustino
1139 3978 1168 4023 to
1180 3974 1226 4024 the
1237 3974 1357 4038 adjacent

418 4054 535 4119 uatem]

354 4175 451 4234 Arno
467 4166 598 4232 Domini
614 4165 825 4229 MLXXXX.
841 4164 903 4228 fuit
926 4185 1044 4247 magna
1064 4161 1250 4247 disceptatio
1273 4163 1357 4228 inter

496 4302 504 4334 ¹
523 4303 539 4350 2
551 4301 621 4351 Hist.
634 4302 703 4349 Mon.
715 4301 827 4363 Abingd.
841 4299 872 4350 17
886 4299 957 4364 (ibeo.
971 4299 1064 4358 Com).

494 4379 503 4409 ¹
521 4377 699 4440 2Twysden’s
712 4377 864 4440 Scriptores,
877 4377 941 4425 1793
959 4375 1095 4439 (Thorne’s
1107 4375 1220 4436 Chion.)⁸
