3286 5150
695 689 803 732 aanor
827 690 862 733 11.
1242 671 1304 738 leo

301 837 489 903 testimoniis
499 859 572 903 vera
585 861 651 905 esse
665 839 842 925 intelligere
852 839 1014 926 potuimus
1025 840 1062 906 de
1072 842 1143 926 jure
1155 841 1304 908 Glouoes·

299 949 413 1013 trensis
436 949 570 1015 ecclesiae
593 950 626 1016 in
651 951 713 1016 hiis
727 952 828 1029 terris,
843 951 987 1018 videlicet
1003 953 1159 1033 Stanedis,
1175 954 1305 1032 Lecche,

299 1065 332 1124 et
347 1059 513 1128 Otintona.
560 1061 722 1147 Siquidem
737 1064 932 1128 cronicorum
946 1063 1157 1130 recordatione
1171 1070 1204 1129 et
1226 1087 1304 1149 prae-

299 1169 493 1235 deoessorum
522 1178 700 1237 nostrorum
728 1173 932 1240 attestatione
959 1173 1125 1240 didicimus
1156 1175 1303 1241 Glouces·

298 1285 435 1346 trcnsem
457 1282 618 1348 ecclesiam
642 1308 662 1349 a
685 1284 795 1350 diebus
820 1285 958 1371 antiquis
981 1284 1016 1350 in
1041 1285 1103 1351 hiis
1117 1285 1303 1371 supradictis

297 1391 388 1456 terris
413 1392 508 1458 irrisae
531 1395 706 1474 fundatam,
728 1401 761 1462 et
785 1418 897 1481 regum
920 1395 1112 1463 Marciorum
1135 1395 1303 1484 largitione

297 1502 359 1566 hiis
373 1503 524 1570 dotatam.
569 1506 700 1571 Cunctis
719 1506 816 1572 etiam
838 1505 948 1572 diebus
970 1506 1085 1572 nostris
1108 1507 1245 1572 vidimus
1269 1513 1303 1573 et

296 1614 501 1700 cognovimus
515 1617 646 1682 eandem
662 1617 932 1683 Gloucestrenscm
954 1617 1113 1683 ecelesiam
1135 1618 1301 1704 praenomi-

296 1732 386 1790 natas
400 1733 499 1792 terres
513 1727 660 1792 continue
681 1750 779 1813 usque
803 1728 896 1794 hodie
918 1728 1100 1813 possedisse,
1114 1735 1148 1794 et
1169 1753 1249 1810 eam,
1264 1735 1300 1796 ut

294 1837 444 1918 diximus,
458 1838 498 1903 ab
513 1838 647 1903 exordiis
661 1839 726 1902 suis
747 1839 782 1903 in
796 1838 858 1904 hiis
882 1840 1048 1904 fiandatam
1070 1839 1175 1906 finisse.
1222 1841 1300 1906 Haeo

294 1947 341 2012 ita
362 1955 503 2014 constare
525 1949 788 2034 quemadmodum
809 1957 918 2015 vestrae
943 1949 1131 2015 sublimitati
1154 1950 1298 2034 suggeri-

294 2081 375 2137 mus,
389 2059 483 2143 juxta
497 2065 607 2124 vestrae
622 2059 817 2124 discretionis
831 2060 1050 2126 auctoritatem
1071 2065 1104 2126 et
1125 2060 1298 2145 prudentiae

294 2167 568 2254 dispensationem,
582 2169 712 2254 probare
726 2170 829 2255 parati
842 2195 960 2238 sumus.
1004 2169 1119 2237 Valeat
1132 2194 1188 2257 per
1201 2171 1298 2255 longa

293 2287 434 2366 tempora
455 2281 495 2346 ad
521 2281 670 2346 honorem
702 2281 848 2347 Ecclesiae
861 2355 865 2362 ¹
880 2305 942 2347 suae
963 2281 1103 2366 piissima
1125 2280 1297 2366 paternitas

293 2397 407 2470 vestra,
423 2395 494 2458 etc.¹

335 2614 424 2679 Patri
449 2636 505 2679 suo
528 2621 561 2680 et
574 2614 702 2680 domino
722 2617 853 2679 Summo
868 2613 1014 2678 Pontifici
1029 2613 1185 2698 Eugenio,
1198 2615 1295 2680 irater

291 2724 455 2804 Ricardus‚
470 2725 710 2791 Eveshamensis
724 2724 857 2791 ecclesiae
879 2723 981 2790 dictus
1003 2725 1097 2810 prior,
1111 2729 1144 2790 et
1166 2725 1295 2790 humilis

289 2837 430 2922 ejusdem
445 2837 578 2901 ecclesie
593 2841 775 2915 conventus,
785 2835 927 2901 debitum
941 2835 975 2899 in
990 2833 1136 2900 omnibus
1147 2835 1291 2901 obedien-

288 2947 342 3013 tias
364 2948 562 3014 famulatum.
607 2950 765 3028 Fratrum,
790 2947 926 3027 domine,
950 2946 1079 3012 caritate
1108 2945 1294 3013 commoniti

288 3057 506 3123 testimonium
528 3060 639 3124 damus
668 3058 805 3140 veritati,
830 3057 1034 3124 testificantes
1071 3081 1143 3122 eum
1178 3058 1292 3123 fiducia

288 3170 372 3255 quod
406 3168 447 3234 ab
483 3170 546 3234 illis
567 3175 651 3236 certa
671 3169 820 3236 relatione
856 3168 1071 3254 cognovimus,
1092 3168 1132 3233 de
1156 3190 1289 3253 quorum

287 3279 419 3363 probata
441 3279 592 3365 religione
618 3303 681 3345 non
706 3280 897 3346 dubitamus.
942 3278 1075 3345 Constat
1098 3278 1183 3344 enim
1205 3279 1289 3364 quod

287 3389 426 3454 maneria
458 3389 511 3453 illa
548 3413 616 3475 quaa
651 3389 712 3454 sibi
733 3375 880 3454 vendicat
900 3388 1046 3453 dominus
1073 3386 1288 3469 Eboraocnsis,

286 3497 404 3562 scilicet
434 3497 563 3578 Lecche,
595 3498 751 3578 Stanedis,
772 3504 805 3564 et
838 3497 1002 3576 Otintone,
1039 3497 1078 3561 ad
1110 3496 1287 3561 dominium

288 3608 536 3674 Gloucestrensis
550 3608 683 3674 ecclesie
697 3610 735 3674 de
749 3608 893 3693 legitima
904 3607 1024 3672 ratione
1046 3605 1235 3691 pertineant,
1249 3629 1286 3672 ea

218 3803 220 3810 Ι
286 3742 421 3804 namque
445 3719 505 3782 sibi
530 3719 668 3804 alonge
693 3718 855 3785 retroactis
878 3717 1070 3802 temporibus
1094 3716 1285 3782 Marciorum

285 3828 462 3914 principum
485 3829 652 3915 largitione
675 3830 802 3909 donata,
817 3828 938 3894 cunctis
962 3827 1071 3911 utique
1089 3825 1198 3891 diebus
1213 3826 1287 3891 vitae

285 3947 397 4004 nostre
412 3941 457 4005 sio
470 3941 575 4006 tenuit
588 3946 626 4006 ut
648 3964 755 4006 eorum
779 3939 969 4026 possessione
992 3937 1151 4017 continua,
1165 3959 1223 4002 nec
1246 3937 1286 4003 ad

285 4057 481 4116 momentum
504 4052 671 4137 aliquando
702 4051 854 4116 destituta
878 4049 930 4115 sit.
985 4049 1063 4112 Haeo
1086 4047 1183 4132 vulgo
1209 4052 1285 4112 nota

284 4167 369 4243 sunt,
381 4163 516 4248 adeoque
532 4162 678 4228 omnibus
693 4163 755 4226 ista
764 4160 934 4225 inculcavit
947 4158 1129 4244 antiquitas,
1141 4162 1179 4222 ut
1192 4157 1285 4242 pauci

282 4271 348 4338 sint
362 4275 445 4359 apud
462 4297 518 4340 nos
532 4273 586 4360 qui
600 4296 665 4340 non
679 4274 744 4338 haec
758 4295 776 4337 a
791 4271 932 4358 patribus
951 4272 1059 4336 audita
1080 4268 1285 4355 cognoverint
