3286 5150
361 645 424 706 256
609 663 742 708 amoma
766 660 1115 709 auam-uoauauumu.

359 813 519 878 monachis
544 814 754 880 Glouccstriae
780 815 894 881 habere
919 815 1043 880 faciatis
1073 837 1181 880 omues
1210 823 1309 880 tarras
1335 825 1369 880 ct

357 925 501 990 ccclesias
524 932 557 990 st
581 924 723 990 decimas
749 925 885 992 ecclesias
916 926 1026 991 Sancti
1054 926 1139 990 Petri
1164 925 1369 992 Gloucsstriae

359 1036 560 1122 pertinentes,
576 1059 645 1120 quae
671 1036 756 1122 apud
782 1059 836 1102 vos
860 1043 944 1116 sunt,
962 1060 1000 1102 ne
1026 1037 1143 1122 aliquid
1166 1037 1199 1101 in
1225 1038 1369 1123 partibus

361 1146 472 1212 vestris
511 1146 623 1210 auxilii
660 1149 757 1213 vestri
788 1149 838 1214 vel
870 1148 1005 1232 justitiae
1041 1149 1172 1232 penuria
1209 1149 1368 1214 amittant.

360 1257 506 1324 'Postibus
534 1257 650 1324 comite
676 1259 874 1324 Hercfordiae
899 1266 933 1324 et
965 1259 1113 1325 Manascr
1144 1259 1255 1325 Biscth
1284 1261 1369 1344 apud

361 1368 604 1434 Gloucsstriam.

527 1911 655 1998 [Assos
675 1933 741 1976 suu
763 1913 886 1977 Mouus
910 1931 949 1977 os
973 1912 1227 1998 Guoccssms.]¹

366 2044 432 2110 [Tha
450 2047 537 2112 king's
556 2049 616 2098 urit
633 2048 764 2110 dimeting
780 2048 927 2110 pmtsctioa
946 2047 977 2097 of
992 2049 1037 2098 tha
1056 2049 1137 2098 abbat
1156 2049 1207 2098 aad
1230 2049 1323 2098 moaks
1342 2045 1372 2095 of

529 2125 682 2177 Gtoucsstsr
693 2127 720 2175 in
731 2126 778 2176 tha
789 2127 936 2189 possession
948 2127 979 2176 of
986 2142 1003 2176 a
1013 2128 1108 2192 flshsry
1119 2133 1148 2177 at
1160 2125 1204 2191 Β.]

368 2239 804 2326 Hsuu1cUS,reangliae,et
823 2240 890 2305 dux
907 2240 1111 2305 Normanniae
1127 2247 1159 2306 ct
1180 2239 1368 2325 Aquitania,

365 2355 398 2413 et
421 2371 523 2414 comes
549 2351 753 2436 Audcgaviae,
770 2353 810 2416 R.
831 2351 939 2416 comiti
962 2351 1154 2416 Herefordiae
1176 2359 1209 2416 et
1223 2352 1370 2416 omnibus

366 2459 520 2525 ministris
555 2461 622 2526 suis
660 2459 866 2528 Glaucestriae
906 2468 939 2526 ct
979 2461 1185 2542 Hercfordiae,
1222 2463 1368 2526 salutem.
1458 2549 1463 2556 ι

366 2569 515 2655 Praecipio
540 2571 624 2656 quod
648 2573 840 2658 permittatis
863 2571 1061 2638 abbatemet
1085 2573 1252 2639 monachos
1270 2573 1369 2638 Glou-

366 2681 486 2746 ccstriae
514 2682 616 2748 facem
646 2689 678 2749 st
707 2683 829 2763 habers,
858 2681 949 2762 benc,
978 2688 1011 2749 ct
1040 2681 1074 2746 iu
1103 2707 1188 2768 pace,
1215 2690 1249 2748 ct
1274 2683 1369 2768 justa,

365 2790 531 2874 piscariam
555 2817 645 2858 suam
669 2794 708 2859 ds
732 2796 929 2878 Bramptoua
952 2792 986 2857 in
1009 2793 1118 2858 eodem
1144 2793 1211 2858 loco
1232 2793 1288 2857 ubi
1308 2793 1370 2857 fuit

365 2907 506 2986 tempore
521 2904 605 2988 regis
623 2905 753 2970 Hearici
770 2905 820 2970 avi
835 2905 918 2984 mei;
946 2927 1003 2969 nec
1018 2903 1091 2969 inde
1106 2927 1158 2970 sos
1173 2903 1368 2983 disturbetis,

334 3055 337 3059 -
366 3035 422 3076 ucc
457 3013 595 3098 aliquam
627 3013 672 3078 cis
711 3013 858 3096 injuriam
889 3014 939 3080 vcl
974 3013 1196 3079 contumeliam
1232 3014 1367 3079 faciatis.

367 3121 460 3186 Testa
476 3122 655 3206 Reginaldo
670 3123 785 3188 comite
800 3123 966 3189 Comubiaa
980 3124 1065 3208 apud
1079 3124 1291 3208 Notingham.

519 3645 645 3730 [Assos
662 3663 730 3709 aaa
752 3644 877 3709 Mouas
899 3661 938 3707 os
956 3640 1211 3724 Gaoucasma.]²

368 3793 435 3860 [she
452 3793 540 3858 king's
555 3793 617 3844 urit
636 3792 766 3853 dirsctiag
790 3790 936 3854 protcction
955 3789 984 3839 of
1001 3791 1047 3840 tha
1065 3791 1145 3840 abbot
1165 3787 1216 3840 aad
1234 3787 1326 3862 manha
1343 3786 1374 3836 of

660 3871 814 3922 Gloucsstsr
824 3870 851 3918 in
863 3869 932 3918 thsir
939 3867 1076 3933 liberum]

370 3987 551 4064 Hauuous,
568 4006 623 4048 rex
637 3981 773 4066 Angliae,
789 3987 822 4046 st
836 3981 902 4045 dux
917 3981 1121 4045 Normanuiae
1132 3985 1165 4046 et
1179 3978 1369 4064 Aquitaniae,

365 4101 399 4162 ct
425 4117 528 4161 comcs
546 4093 751 4177 Andagaviae,
771 4091 950 4158 vicecomiti
963 4091 1003 4157 dc
1024 4091 1263 4176 Herefordsyra,
1286 4090 1369 4154 salu-

367 4213 443 4273 tem.
488 4204 636 4290 Pimcipio
652 4205 734 4288 quod
745 4205 831 4288 juste
845 4203 979 4270 deducas
993 4203 1139 4270 abbatam
1154 4208 1187 4270 et
1202 4202 1371 4267 monachos

435 4362 442 4394 ¹
460 4361 582 4412 achron.
595 4362 664 4412 Mon.
678 4361 767 4411 olona.
780 4359 812 4413 7³
827 4361 899 4425 (Rac-
912 4359 1002 4423 com).
1167 4358 1179 4392 ²
1197 4359 1236 4408 1b.
1248 4357 1306 4410 247.
