3280 5132
342 633 383 696 88
586 649 724 696 nmcrrs
745 646 1094 693 susm-uenumurca

383 851 483 940 [Meu
505 872 544 918 os
573 853 623 916 Sr.
650 853 839 916 Aucusrrun
860 873 889 916 v.
913 851 1063 916 Crmznus
1085 869 1125 914 or
1148 849 1296 914 crumn-

707 982 803 1028 nunr.
849 962 977 1046 1104.]1

339 1123 407 1192 [The
423 1125 508 1188 king's
519 1125 579 1174 vrit
590 1123 772 1187 oommanding
782 1123 889 1188 pledges
904 1124 982 1187 given
998 1123 1091 1188 hythe
1108 1123 1234 1187 plaintiffs
1251 1127 1280 1174 to
1295 1123 1341 1172 the

646 1201 802 1251 deiendnnts
813 1205 842 1250 to
853 1202 886 1250 be
897 1199 1036 1267 restored]

340 1343 523 1420 Hnumcus,
549 1363 613 1406 rexv
628 1343 819 1426 Anglcrum,
836 1342 1000 1428 Haymoni
1023 1341 1162 1429 dapifero
1176 1348 1210 1408 et
1229 1340 1339 1406 minis·

337 1453 397 1518 tris
411 1452 486 1526 suis,
503 1453 647 1518 salutem.
691 1453 842 1538 Praecipio
857 1453 998 1519 vobisut
1018 1453 1082 1518 cito
1105 1452 1229 1518 facietis
1252 1451 1339 1516 reddi

338 1563 519 1629 hominibus
536 1565 646 1629 Sancti
662 1564 838 1648 Augustini
854 1564 1035 1630 vadimonia
1045 1564 1100 1629 illa
1111 1587 1181 1650 quae
1190 1567 1341 1648 ceperunt

337 1676 511 1759 burgenses
534 1675 573 1739 dc
597 1675 803 1740 Cantorberia
824 1697 918 1760 super
942 1697 995 1741 eos
1021 1689 1148 1759 propter
1173 1674 1338 1739 auxilium.

338 1785 423 1850 Nolo
454 1785 539 1850 enim
562 1790 599 1850 ut
632 1785 803 1852 servientes
834 1786 944 1851 Sancti
972 1785 1161 1870 Augustini,
1196 1784 1253 1870 qui
1282 1807 1340 1850 nec

338 1901 459 1974 emunt,
475 1917 533 1960 nec
551 1896 704 1974 vendunt,
720 1918 777 1961 nec
798 1902 970 1962 mercatum
992 1896 1125 1977 ducunt,
1139 1896 1259 1960 donent
1280 1895 1339 1962 hoc

338 2006 502 2072 auxilium.
548 2007 642 2071 Unde
667 2006 819 2092 quicquid
844 2012 972 2092 propter
995 2005 1055 2072 hoc
1078 2006 1118 2072 ab
1141 2007 1186 2071 eis
1210 2011 1339 2091 captum

338 2123 388 2184 est
401 2123 507 2183 tetum
522 2117 585 2183 citc
601 2117 749 2182 reddatur
763 2117 818 2182 cis.
863 2119 908 2182 Et
923 2117 1027 2182 videte
1043 2140 1084 2182 ne
1105 2117 1241 2202 amplius
1266 2117 1340 2183 inde

338 2228 506 2294 clamorem
534 2209 670 2294 audiam.
729 2229 822 2294 'Peste
851 2227 1012 2293 Waldrico
1035 2227 1230 2308 cancellario,
1255 2228 1340 2314 apud

339 2339 562 2406 Wineestriam
576 2339 610 2404 in
626 2339 757 2406 Pascha.

442 3113 580 3197 [Murrus
603 3134 642 3178 cr
667 3114 716 3178 Sr.
741 3116 942 3180 Auunsurun.
990 3111 1246 3199 1103-1106.]²

358 3286 426 3350 [The
445 3288 531 3351 kinds
548 3289 608 3338 vrit
625 3290 776 3353 exempting
797 3290 844 3340 the
865 3291 958 3340 moniis
980 3290 1010 3340 οἰ
1031 3291 1071 3340 St.
1090 3289 1239 3355 Augustius
1257 3288 1324 3338 from

745 3367 845 3416 certain
864 3367 934 3433 toli]

342 3503 526 3586 Hammona
556 3530 609 3573 rex
644 3507 834 3591 Anglorum‚
857 3507 1003 3571 omnibus
1039 3505 1275 3572 vicecomitibus
1307 3513 1341 3570 et

340 3614 495 3680 ministris
510 3617 609 3681 totius
619 3617 756 3701 Augus,
766 3617 911 3682 sulutem.
956 3616 1109 3702 Praecipio
1121 3622 1159 3680 ut
1170 3615 1341 3680 servientes

341 3726 451 3791 Sancti
465 3726 641 3811 Augustini
657 3727 723 3792 sint
737 3727 838 3813 quieti
852 3726 892 3792 ab
906 3727 994 3791 omni
1008 3726 1153 3792 theloneo
1178 3727 1213 3790 in
1238 3724 1341 3791 omni-

339 3835 399 3900 bus
413 3859 483 3922 quae
498 3843 648 3921 poterunt
670 3837 796 3903 affidare
819 3861 851 3902 ee
877 3859 978 3902 emere
1004 3838 1044 3902 ad
1069 3837 1241 3903 dominicos
1266 3859 1341 3903 usus

341 3947 576 4012 monachorum.
634 3948 678 4012 Et
706 3947 839 4013 defendo
867 3971 908 4014 nc
937 3948 1053 4034 aliquis
1082 3970 1134 4013 cos
1164 3971 1256 4033 super
1281 3948 1341 4013 hoc

339 4057 505 4122 disturbet.
552 4058 644 4123 Teste
654 4059 816 4125 Wnldricc
827 4059 1021 4139 cancellario,
1032 4060 1115 4144 apud
1124 4060 1340 4124 Westmcnas·

339 4166 453 4230 terium
470 4165 503 4230 in
519 4166 635 4232 Nntale
650 4168 792 4234 Domini.

422 4351 430 4384 1
449 4352 518 4400 usa.
531 4353 600 4400 uon.
613 4353 650 4401 ss.
663 4354 729 4418 sug.
747 4356 876 4420 neema.
890 4357 980 4420 uon).
1124 4357 1190 4406 ²1u
1203 4355 1260 4406 sea.
