3280 5132
353 643 394 704 86
600 659 733 705 umcms
756 659 1104 705 suono-nonnarum.

351 836 509 902 confessus
523 843 581 903 est.
620 837 766 924 Denique
780 838 946 904 mondavit
960 836 1148 916 vicecomiti,
1163 840 1201 900 ut
1216 831 1353 919 reliquos

351 946 476 1012 obviam
493 947 554 1012 sibi
579 947 778 1013 Londoniam
804 949 959 1028 mitteret,
975 955 1008 1014 et
1029 947 1107 1014 alios
1132 945 1298 1013 duodecim
1313 945 1352 1009 de

351 1056 533 1124 melioribus
548 1057 686 1144 ejusdem
711 1060 892 1135 comitatus,
908 1061 963 1146 qui
990 1061 1074 1146 quod
1097 1059 1146 1124 illi
1166 1059 1353 1142 juraverant

351 1191 463 1235 verum
485 1192 550 1236 esse
573 1171 846 1237 confirmaverant.
891 1171 973 1236 Illuc
1002 1193 1126 1256 quoque
1150 1169 1224 1236 fecit
1246 1166 1352 1233 venire

351 1281 470 1346 multos
484 1304 522 1346 ex
538 1281 719 1347 melioribus
737 1283 837 1348 totius
851 1283 979 1368 Angliae
1001 1282 1182 1348 baronibus.
1228 1278 1352 1345 Quibus

351 1391 498 1457 omnibus
527 1392 699 1458 Londoniae
726 1394 940 1479 congregatis,
962 1393 1142 1479 judicatum
1165 1397 1215 1457 est
1244 1399 1352 1456 tama

352 1502 481 1569 Francis
489 1527 585 1590 quam
595 1503 634 1570 ab
644 1504 760 1590 Anglis
768 1505 839 1571 illos
850 1528 959 1571 omues
968 1505 1196 1592 perjurosesso3
1213 1501 1352 1589 quando

351 1613 478 1701 quidem
492 1614 557 1695 ille,
571 1621 644 1700 post
666 1639 759 1701 quem
781 1615 836 1680 alii
846 1617 1043 1700 juraverant,
1057 1637 1090 1681 se
1104 1614 1266 1700 perjurum
1287 1635 1353 1678 csse

351 1724 518 1792 fatebatur.
564 1726 690 1792 Quibus
711 1726 769 1791 tali
786 1725 908 1809 judicio
932 1725 1161 1805 condemnatis,
1184 1724 1352 1810 episcopus

353 1835 520 1902 Hrofensis
530 1843 646 1902 terram
657 1859 747 1902 suam
756 1842 794 1902 ut
804 1836 929 1925 justum
939 1842 1007 1902 erut
1019 1836 1139 1902 habuit.
1163 1836 1230 1900 Alii
1245 1839 1352 1900 autem

351 1948 513 2014 duodecim
529 1970 602 2014 cum
617 1948 737 2014 vellent
752 1949 907 2014 affirmare
921 1948 961 2013 iis
975 1948 1031 2034 qni
1041 1948 1226 2031 juraverant
1241 1969 1273 2012 se
1288 1967 1352 2011 non

351 2059 561 2138 consensisse;
595 2058 775 2124 Baiocensis
799 2059 1078 2144 episcopusdixit,
1099 2065 1137 2124 ut
1163 2060 1221 2124 hoc
1247 2058 1352 2144 ipsum

346 2170 361 2253 j
366 2171 467 2235 udicio
482 2170 555 2236 ferri
571 2171 749 2256 probarent.
795 2171 890 2237 Quod
912 2170 986 2255 quin
1001 2193 1033 2234 se
1048 2170 1187 2234 facturos
1201 2168 1352 2254 promise·

351 2288 437 2361 runt,
462 2288 495 2348 et
524 2282 624 2348 facere
653 2305 715 2348 uon
743 2287 933 2367 potuerunt;
961 2280 1181 2365 judicantibus
1207 2280 1278 2344 aliis
1303 2279 1353 2344 sui

351 2395 520 2460 comitatus
534 2393 727 2474 hominibus,
742 2399 899 2459 trecentas
914 2393 1010 2457 libros
1027 2391 1093 2476 regi
1110 2391 1272 2458 dederunt.

353 2967 479 3048 [Annos
493 2969 690 3034 Scormno's
700 2969 808 3036 Curru
823 2989 863 3034 ro
873 2971 1044 3036 Pnusnnus
1053 2990 1093 3036 or
1105 2972 1352 3056 Nswrnoron.]¹

353 3138 420 3204 [The
438 3140 524 3204 king's
538 3141 599 3190 writ
614 3142 769 3205 confirming
784 3142 924 3206 jndgment
943 3143 1068 3195 rendered
1086 3142 1113 3191 iu
1125 3142 1217 3192 favour
1227 3143 1255 3193 of
1273 3144 1354 3193 abbot

478 3219 602 3269 Sootlund
613 3221 772 3283 conoeming
783 3220 856 3283 sight
868 3221 998 3284 prebendo
1009 3221 1038 3270 in
1050 3218 1228 3286 Nowingtou]

351 3331 567 3413 W1unnnuu8,
604 3333 666 3398 Dei
701 3335 806 3418 gratia
850 3356 905 3398 rex
942 3333 1134 3416 Anglorum,
1176 3333 1353 3398 Lnnfranco

351 3443 592 3528 archiepiscopo,
617 3445 775 3510 Rodberto
799 3450 832 3510 et
858 3446 982 3529 Rogero
1007 3444 1186 3524 comitibus,
1201 3455 1232 3510 et
1254 3445 1354 3511 totius

353 3554 479 3640 Angliae
493 3555 710 3641 optimatibus,
719 3557 862 3621 salutem.
887 3555 1007 3621 Scitote
1026 3556 1111 3641 quod
1127 3555 1220 3621 reddo
1237 3557 1354 3621 Sancto

352 3666 535 3752 Augustino
564 3679 597 3733 et
626 3666 733 3734 abbati
759 3666 926 3732 Sootlando
951 3675 985 3732 et
1010 3667 1161 3731 fratribus
1186 3667 1258 3748 loci,
1284 3676 1354 3735 octo
1445 3695 1451 3706 “

352 3779 532 3862 praebendas
569 3779 605 3844 in
641 3779 852 3864 Nywentone,
883 3783 917 3842 et
949 3790 1069 3842 omues'
1087 3783 1186 3843 terras
1214 3779 1254 3844 od
1283 3779 1355 3845 illas

352 3889 556 3971 pertinentes,
570 3890 685 3954 liberas
700 3897 732 3954 et
747 3889 881 3974 quietas,
896 3911 969 3953 cum
991 3887 1139 3952 omnibns
1154 3891 1353 3954 consuetudi·

352 3998 455 4078 nibus,
483 3999 577 4064 sicuti
603 3998 822 4064 testimonium
847 3997 1008 4084 perhibuit
1033 3999 1203 4084 comitatus
1231 4001 1355 4068 Cantiae

352 4131 458 4173 coram
474 4110 652 4176 Lanfrunco
668 4110 910 4194 archiepiscopo,
925 4123 958 4175 et
972 4110 1106 4174 Eudone
1121 4132 1190 4174 mco
1204 4109 1353 4197 dapifero,

353 4226 385 4286 et
404 4220 568 4286 Willelmo
598 4221 637 4286 de
665 4221 781 4285 Archis
808 4227 841 4285 et
864 4219 1032 4304 Radulpho
1059 4219 1097 4284 de
1122 4219 1229 4285 Ourba
1256 4222 1355 4308 Spina

560 4391 568 4426 ¹
586 4391 657 4440 Hist.
670 4391 738 4440 bion.
752 4390 791 4439 St.
804 4391 871 4452 Aug.
882 4388 932 4438 ³49
945 4387 1019 4453 (Ros.
1031 4387 1127 4454 Gom.)-
