3280 5132
342 653 383 716 78
589 670 724 716 mamm
746 669 1099 717 mono-nonnarum.

340 823 448 903 sitam,
462 822 497 887 in
512 822 565 888 via
579 823 699 889 scilicet
713 847 777 909 qua
791 824 857 889 itur
872 846 890 887 a
909 824 1020 888 Sancti
1035 822 1202 889 Michaelis
1220 822 1348 889 ecelesia

339 932 380 998 ad
410 933 596 999 Castellum.
643 934 723 1000 Qua
757 940 842 999 terra
878 933 1018 998 manerio
1048 934 1278 1000 Tademertune
1308 934 1347 999 ab

340 1043 472 1128 antiquo
513 1043 636 1130 adjacet
678 1051 828 1129 tempore.
888 1046 1008 1109 Verum
1051 1045 1117 1110 haec
1159 1045 1347 1129 praecedenti

339 1161 481 1239 tempore
504 1154 539 1218 in
565 1155 747 1239 neglectum
772 1161 912 1234 venerat,
939 1155 1016 1220 adeo
1042 1163 1080 1221 ut
1097 1156 1136 1220 de
1151 1157 1209 1221 hae
1225 1156 1347 1221 nullam

340 1265 501 1330 exhiberet
516 1270 594 1330 tunc
609 1265 759 1351 Nigellue
774 1267 910 1332 ecclesiae
926 1267 1186 1352 recognitionem.
1232 1269 1346 1354 Itaque

339 1375 441 1460 ipsius
456 1376 579 1441 abbatis
590 1375 686 1463 justae
701 1377 817 1443 rationi
832 1401 865 1442 ee
880 1378 962 1442 idem
983 1379 1188 1456 submittens,
1203 1379 1262 1444 tali
1272 1384 1346 1464 poet

339 1487 419 1551 illud
434 1493 558 1572 tempus
573 1493 681 1552 tenore
695 1487 734 1552 de
748 1487 876 1553 ecclesia
895 1487 1043 1573 praedicta
1067 1494 1185 1555 terram
1209 1491 1347 1577 suscepit

338 1598 519 1676 tenendam,
530 1602 568 1664 ut
576 1596 707 1682 gablum
722 1597 899 1683 antiquitus
908 1605 1094 1664 consuetum
1109 1600 1182 1665 inde
1197 1602 1344 1686 persolvi,

339 1709 372 1774 id
395 1715 444 1776 est
458 1709 521 1776 VI.
536 1707 689 1789 denarios,
703 1714 737 1774 et
759 1708 827 1792 ipae
850 1709 1001 1793 Nigellue
1026 1710 1162 1794 singulis
1186 1712 1279 1777 annis
1303 1712 1343 1778 ad

338 1821 540 1886 nativitatem
558 1821 681 1884 Sanctae
696 1817 808 1884 Mariae
826 1819 875 1884 illi
898 1820 1057 1886 collectori
1082 1822 1117 1886 in
1143 1823 1252 1888 eedem
1266 1823 1342 1888 villa

338 1933 490 2009 redderet,
514 1931 570 2016 qui
602 1931 689 1996 aliud
718 1929 854 1997 ecclesie
892 1931 1024 2016 gablum
1061 1932 1126 1997 illic
1162 1933 1341 2018 collegeret.

340 2043 433 2111 Quod
447 2042 600 2128 placitum
616 2042 734 2107 factum
750 2048 799 2108 est
823 2065 917 2128 super
942 2042 1074 2108 eandem
1097 2048 1214 2108 terram
1237 2067 1341 2110 coram

337 2155 449 2221 multis
463 2152 607 2219 testibus.

484 2889 610 2970 [Anaor
625 2885 781 2948 anrnus
795 2904 822 2946 o.
838 2881 984 2943 Wamnn
996 2877 1183 2959 G1rrann.]¹

339 3033 406 3100 [The
418 3034 533 3097 plaintiff
545 3049 665 3083 recovere
682 3049 699 3082 a
716 3029 833 3093 knight’e
852 3027 894 3076 fec
911 3027 941 3076 of
953 3026 1029 3076 landa
1049 3025 1162 3075 eituated
1180 3029 1209 3074 at
1227 3023 1341 3082 musard,

411 3110 500 3160 before
511 3109 617 3172 bishope
628 3109 679 3157 and
690 3108 786 3156 barone
797 3105 827 3154 of
834 3103 880 3153 the
890 3103 965 3166 king,
976 3105 1006 3150 at
1016 3117 1033 3150 a
1044 3102 1148 3164 private
1159 3099 1262 3164 honae]

336 3239 522 3303 Wamnnus
547 3260 650 3302 comes
672 3235 791 3320 junior,
824 3231 1011 3316 cognomine
1037 3229 1208 3306 Giffardue,
1231 3250 1339 3293 mane·

335 3348 419 3414 rium
434 3349 513 3413 VII.
530 3348 686 3425 hidarum,
708 3344 791 3433 quod
818 3349 948 3408 vocatur
975 3340 1118 3418 Linford,
1133 3339 1283 3418 tenebet3
1307 3343 1341 3403 et

336 3467 384 3527 est
410 3483 449 3526 ex
468 3459 541 3547 jure
564 3458 700 3523 ecclesie
722 3456 819 3543 hujus
830 3481 839 3533 3
875 3453 929 3518 sed
952 3453 1018 3536 ipse
1043 3473 1147 3516 comes
1172 3449 1244 3514 inde
1276 3471 1339 3513 ser-

335 3571 451 3637 vitium
474 3571 618 3636 debitum
643 3575 755 3634 contra
780 3573 887 3632 tenere
909 3563 1109 3628 moliebatur.
1156 3562 1262 3628 Quare
1290 3560 1339 3624 in-

336 3681 458 3748 dustria
484 3680 608 3746 abbatis
638 3677 751 3744 Feritii
782 3681 911 3742 tantum
943 3673 978 3739 in
1010 3674 1069 3738 hoc
1102 3671 1270 3757 praevaluit
1301 3675 1341 3734 ut

335 3794 419 3858 idem
448 3815 551 3857 comes
580 3813 684 3856 coram
715 3790 842 3873 Rogero
870 3783 1108 3864 Saresberienei,
1132 3806 1168 3848 ae
1199 3782 1339 3848 Roberto

337 3902 563 3983 Lincolniensi,
589 3908 622 3968 et
650 3899 762 3964 multis
800 3897 885 3983 regis
921 3894 1102 3975 baronibus,
1137 3893 1272 3959 ecclesie
1307 3897 1341 3958 et

336 4013 460 4078 abbatis
496 4013 591 4077 homo
624 4013 816 4088 efficeretur;
849 4031 886 4073 eo
909 4011 1078 4072 tenorent
1106 4029 1146 4071 ex
1175 4005 1230 4069 illu
1254 4011 1340 4070 terra

336 4124 449 4190 militis
484 4123 579 4188 unius
616 4122 780 4188 servitium
817 4118 998 4185 omnimodo
1035 4116 1166 4198 reddat.
1193 4140 1255 4203 quo
1285 4114 1340 4182 alii

336 4233 471 4299 eccleeiae
485 4233 604 4299 milites
619 4233 748 4299 servitia
762 4231 924 4296 exhibent.

554 4395 561 4426 ¹
578 4397 594 4444 2
607 4395 678 4446 nise.
690 4395 757 4444 Mon.
770 4391 881 4456 Abingd.
892 4393 940 4442 1³³
952 4391 1023 4456 (Rec-
1035 4387 1127 4453 Com.)-
