3280 5132
661 689 803 733 wrunrau
828 689 851 732 1.
1213 671 1253 731 55

255 849 288 908 et
306 842 450 908 homines
466 842 504 906 de
519 847 680 926 wapentac
702 840 813 904 dicunt
826 839 910 925 quod
930 839 997 924 ipsa
1011 839 1174 924 episcopus
1184 840 1256 924 jure

256 954 349 1018 debet
363 955 484 1019 habere.
530 954 570 1017 In
585 953 691 1017 eodem
707 952 849 1016 hundred
864 951 1004 1015 clamant
1018 951 1160 1016 homines
1175 951 1256 1034 ejus·

256 1063 329 1128 dem
352 1064 487 1149 episcopi
513 1085 606 1148 super
638 1062 811 1146 Hugonem
848 1062 995 1126 comitem
1027 1062 1094 1126 III.
1125 1063 1256 1126 bovatas

257 1183 356 1253 terrac,
365 1182 399 1238 et
410 1181 569 1260 wapentac
584 1172 758 1257 dicitquod
773 1173 839 1257 ipse
848 1172 1011 1258 episcopus
1026 1172 1119 1237 debet
1133 1173 1256 1237 habere.

258 1287 299 1350 In
313 1285 420 1350 eodem
443 1283 586 1348 hundred
609 1283 824 1348 molendinum
848 1283 930 1368 quod
950 1282 1013 1346 fuit
1028 1281 1210 1366 Agemund,
1225 1287 1258 1346 et

257 1402 329 1480 post
348 1417 421 1459 eum
444 1395 622 1459 habuerunt
638 1394 817 1459 lanbertus
839 1399 872 1458 et
888 1393 1057 1458 Gozelinus
1080 1391 1164 1457 filius
1179 1394 1257 1476 ejus,

258 1506 336 1571 dicit
351 1511 513 1590 wapentac
537 1504 620 1590 quod
645 1505 804 1569 Robertus
827 1504 1023 1588 dispensator
1037 1503 1130 1568 debet
1144 1503 1258 1568 habere

258 1639 331 1682 oum
360 1623 443 1684 terra
476 1639 542 1680 sua.
588 1616 628 1679 In
663 1615 751 1679 Lude
780 1614 924 1679 hundred
953 1614 1070 1678 clamat
1095 1613 1259 1699 episcopus

260 1728 412 1806 lincolie,
442 1727 470 1792 Ι.
498 1727 714 1792 molendinum
743 1749 836 1810 super
866 1726 1005 1789 Alanum
1035 1726 1195 1804 comitem,
1226 1729 1260 1789 et

261 1843 426 1923 wapentac
442 1843 578 1902 testatur
593 1837 731 1920 ejusdcm
747 1836 883 1920 episcopi
899 1858 964 1900 esse
980 1836 1100 1900 debere.

468 2395 640 2477 [Loswaan
663 2417 689 2460 v.
716 2396 862 2461 Graaaar
885 2416 926 2460 nn
950 2395 1068 2479 Gran]

306 2554 347 2617 In
369 2553 515 2618 Richesbi
540 2555 683 2619 hundred
706 2555 823 2619 claritat
845 2557 1024 2622 Losnardns
1039 2580 1132 2642 super
1159 2557 1261 2623 Gisle·

263 2663 389 2728 bertum
404 2663 442 2727 de
460 2663 553 2728 Gand
570 2665 603 2727 in
619 2665 731 2744 Welle,
741 2666 769 2729 I.
780 2674 960 2730 carucatam
975 2673 1067 2732 terre.
1107 2669 1263 2733 Homines

263 2774 301 2838 de
326 2774 452 2856 treding
474 2775 584 2839 dicunt
605 2776 689 2860 quod
712 2782 852 2860 tempore
874 2778 958 2860 regia
973 2779 1120 2843 Edwardi
1150 2780 1264 2844 habuit

263 2884 376 2948 Turolf
394 2907 467 2948 cum
491 2907 561 2949 saca
582 2892 615 2950 et
637 2909 717 2965 soca,
729 2894 761 2951 et
777 2894 849 2970 post
871 2910 944 2953 eum
967 2889 1079 2952 habuit
1094 2890 1214 2970 Tanna,
1230 2899 1263 2956 et

264 2995 326 3058 ista
341 3001 423 3058 terra
438 2995 501 3059 fuit
522 2996 695 3061 deliberata
710 2997 854 3081 episcopo
870 2999 975 3062 Odoni
992 3021 1046 3084 per
1061 3006 1192 3080 cartam,
1208 3001 1262 3067 sed

130 3197 134 3202 Ι
263 3127 327 3169 non
343 3106 490 3170 viderunt
513 3107 583 3172 inde
606 3109 731 3173 brevem
755 3109 849 3194 regia,
865 3117 898 3174 et
920 3109 986 3195 ipse
1009 3112 1145 3176 habebat
1160 3134 1197 3177 ea
1211 3114 1261 3178 die

264 3240 327 3302 qua
340 3217 402 3283 suit
414 3224 536 3304 captus,
551 3226 585 3286 et
599 3227 706 3305 postea
721 3219 907 3286 dissaisitus.

417 3861 570 3944 [Rarwnn
592 3881 633 3925 na
657 3863 791 3926 Bomos
813 3884 841 3926 o.
865 3863 957 3926 Euan
979 3863 1108 3946 Heca]

311 4032 352 4095 In
368 4029 474 4095 eodem
491 4029 634 4095 hundred
657 4030 774 4094 clamat
796 4031 961 4114 Raynerus
976 4031 1015 4097 dc
1027 4033 1157 4099 Brimou
1174 4059 1267 4122 super

270 4143 443 4227 Hugonem
477 4141 625 4206 comitem
655 4140 688 4203 in
721 4139 843 4219 Ulesbi,
875 4141 923 4207 Il.
954 4141 1082 4207 bovatas
1114 4151 1213 4226 terra,
1235 4155 1268 4216 et

267 4253 411 4316 homines
435 4253 473 4317 de
492 4252 624 4336 treding
645 4251 758 4316 dicunt
779 4251 862 4336 quod
877 4274 940 4316 non
955 4253 1048 4318 debet
1071 4256 1184 4322 habere
1204 4260 1267 4324 nisi

268 4387 371 4428 socam
388 4364 420 4427 in
437 4363 678 4442 Combreuorde,
695 4371 727 4427 et
742 4385 845 4426 comes
861 4369 987 4430 tcrram.
