3286 5142
698 649 807 694 suuni
829 649 866 693 11.
1218 629 1279 691 169

280 806 445 885 utromque
474 799 645 864 secundm
667 801 721 884 jus
746 801 870 883 regium
895 803 1054 864 tractaret.
1100 799 1281 864 vicecomes

281 935 364 992 vero,
402 933 506 976 amore
541 909 680 996 pecunia
716 910 917 996 depravatus,
952 911 1056 995 justos
1093 931 1281 995 possessores

281 1023 488 1108 depredavit3
511 1027 543 1086 et
572 1021 758 1086 Turstinum
784 1021 816 1084 in
847 1044 879 1085 re
908 1045 972 1085 non
1001 1044 1068 1100 suo,
1090 1020 1180 1105 quasi
1208 1041 1281 1102 rege

280 1134 410 1217 jubente
425 1138 457 1197 et
470 1133 542 1216 jure
556 1132 706 1210 dictante,
721 1131 841 1216 injuste
856 1131 906 1212 (ut
922 1130 987 1217 ipse
1002 1136 1109 1216 postea
1124 1129 1282 1195 confessus

280 1245 341 1327 est)
358 1242 545 1308 introduxit.
568 1242 736 1308 turstinus
751 1264 825 1326 ergo
841 1241 974 1306 saisatus
989 1263 1021 1305 re
1035 1263 1131 1326 quam
1142 1240 1281 1324 petebat,

169 1373 175 1384 ·
280 1353 313 1417 id
342 1358 390 1417 est
417 1352 542 1417 ecclesia
568 1353 606 1417 de
630 1353 806 1431 Marcham,
822 1357 855 1416 et
881 1352 950 1418 III.
976 1351 1059 1416 hidis
1083 1350 1123 1414 ad
1148 1350 1281 1414 eandam

280 1464 520 1549 pcrtinentibus,
557 1469 590 1528 ct
626 1464 654 1528 Ι.
692 1463 726 1527 in
763 1461 956 1541 Middeltun,
994 1485 1058 1526 una
1094 1483 1216 1545 quoque
1246 1459 1282 1523 in

282 1574 464 1661 Appelford,
479 1579 589 1639 contra
610 1575 663 1659 jus
686 1572 929 1638 ecclesiasticum
946 1594 1055 1656 agens,
1070 1594 1137 1636 rem
1151 1570 1280 1636 eandem

281 1686 427 1750 detinuit.
475 1685 535 1749 Sed
560 1707 623 1748 non
647 1683 769 1769 patitur
793 1684 879 1748 Deus
904 1683 986 1747 sicut
1001 1683 1089 1767 justa
1102 1683 1147 1747 sic
1161 1682 1283 1766 injusta

282 1797 337 1861 diu
352 1797 529 1861 subsistere.

325 1905 444 1970 Eodem
473 1925 607 1988 namque
633 1926 716 1968 anno
739 1925 801 1987 quo
828 1925 876 1967 res
898 1901 1031 1966 ecclesiae
1056 1902 1185 1983 invasit,
1209 1905 1279 1967 Ste-

283 2017 405 2101 phanus
429 2038 484 2080 rex
510 2015 593 2079 diem
619 2013 710 2092 obiit,
725 2013 814 2098 eique
839 2013 873 2077 in
888 2035 986 2098 regno
1004 2012 1161 2078 chricus
1175 2012 1283 2097 junior

282 2127 439 2191 successit.
485 2127 589 2192 Quem
603 2125 753 2190 adeuntes
766 2123 806 2188 de
820 2123 1064 2209 congregatione
1079 2123 1201 2202 fratres,
1217 2145 1283 2187 rem

281 2244 377 2325 prout
411 2242 478 2302 erat
511 2257 651 2322 perverse
676 2239 846 2300 tractatam
870 2239 1135 2312 monstraverunt,
1162 2233 1281 2319 suppli·

282 2354 389 2415 cantes
410 2355 576 2412 uteorum
607 2348 701 2432 justae
730 2345 859 2430 querelae
888 2367 995 2409 aurem
1023 2344 1280 2410 accommodaret.

282 2459 492 2544 Adquiescens
503 2479 575 2522 vero
590 2479 646 2521 rex
660 2455 819 2534 fratribus,
834 2477 968 2539 qnorum
989 2456 1110 2540 justam
1126 2454 1282 2539 querelem

282 2571 493 2655 deprehendit,
509 2568 602 2632 semel
617 2568 779 2632 etiterum
803 2567 906 2631 missis
931 2565 1057 2647 litteris,
1072 2567 1219 2652 praecepit
1244 2573 1283 2632 ut

282 2683 316 2746 in
331 2681 486 2745 comitatu
496 2679 692 2745 Berchescire
706 2701 800 2743 causo
814 2679 977 2765 utriusqus
994 2679 1139 2764 (ecclesias
1153 2680 1281 2745 Ab'oen-

283 2792 427 2856 donensis
436 2791 563 2870 scilicet,
572 2797 605 2855 et
614 2790 770 2868 Turstini)
785 2791 819 2854 in
834 2791 935 2854 medio
950 2791 1149 2876 proferretur,
1161 2790 1283 2878 prolata

232 2890 237 2900 ⁶
282 2905 525 2982 examinaretur,
540 2902 719 2967 examinata
733 2900 782 2967 vel
798 2901 872 2966 hinc
886 2900 936 2966 vel
949 2903 1023 2968 inde
1036 2903 1280 2968 terminaretur.¹

284 3016 345 3081 Sed
374 3015 552 3094 Turstiuus,
575 3015 614 3078 de
642 3012 734 3098 culpa
762 3012 822 3078 sibi
851 3015 1003 3094 conscius,
1027 3038 1111 3079 nunc
1134 3013 1283 3080 simulato

282 3128 364 3210 regis
394 3127 532 3211 negoti0,
561 3147 647 3189 nunc
675 3123 870 3203 infirmitate,
901 3147 986 3189 nunc
1015 3126 1072 3190 hac
1109 3148 1194 3190 nunc
1229 3124 1282 3189 illa

281 3238 449 3315 occasione,
464 3259 518 3323 per
536 3235 699 3300 biennium
725 3241 758 3300 et
780 3259 816 3301 eo
839 3236 974 3321 amplius
998 3236 1167 3301 comitatus
1190 3241 1282 3300 caute

282 3349 485 3432 subterfugit.
531 3346 625 3412 Quod
669 3344 851 3428 intelligens
887 3346 991 3419 abbas,
1038 3345 1153 3410 laboris
1188 3346 1282 3410 toties

316 3483 325 3515 ¹
343 3487 397 3534 The
408 3483 540 3545 following
556 3496 667 3545 appears
682 3485 710 3530 to
721 3482 754 3530 be
765 3481 811 3531 the
821 3481 882 3529 writ
891 3481 1067 3540 =-Hsnricns,
1079 3497 1123 3530 rex
1133 3482 1241 3544 Anglin,
1254 3485 1283 3530 st

282 3567 335 3614 dux
347 3561 511 3613 Nornasnniae
521 3565 549 3610 et
560 3558 716 3623 Aquitaniae,
728 3561 756 3608 et
774 3573 861 3608 comes
871 3558 1035 3621 Andcgavian
1047 3560 1158 3609 Ricardo
1173 3560 1206 3608 ds
1217 3559 1281 3608 Can·

281 3642 361 3700 villis,
369 3638 512 3688 vicecomiti
520 3636 552 3686 de
560 3635 732 3693 Berchescira,
741 3636 858 3684 salutem.
892 3635 920 3682 Si
931 3635 1012 3685 abbas
1023 3634 1233 3684 deAbbandcnia
1244 3635 1281 3683 iu·

278 3721 350 3785 juste
361 3722 388 3766 et
400 3718 455 3766 sins
463 3715 561 3780 jndicio
572 3713 725 3762 dissaisatas
737 3716 777 3762 est
788 3712 820 3762 de
831 3716 901 3760 terra
912 3727 958 3761 sna
975 3712 1006 3760 de
1024 3713 1193 3771 Maroneum,
1206 3714 1234 3761 st
1251 3711 1283 3760 ds

282 3796 451 3850 Middeltoua.
463 3792 533 3842 etde
544 3790 692 3853 apponent,
705 3793 768 3838 tunc
779 3790 901 3852 proecipio
917 3789 985 3852 qnod
1002 3805 1060 3838 enm
1072 3789 1131 3838 'nude
1142 3789 1197 3838 sine
1217 3789 1281 3837 dile.

282 3874 353 3923 tione
368 3877 396 3920 et
409 3871 480 3935 juste
490 3869 626 3926 msaisian
643 3871 672 3916 et
682 3870 771 3915 teneat
782 3867 821 3914 ita
831 3866 903 3923 bene,
916 3869 943 3914 et
954 3866 982 3913 in
992 3879 1065 3927 pace,
1077 3868 1105 3912 et
1119 3865 1199 3928 jaste,
1211 3864 1281 3914 sicam

282 3949 390 4000 ecclesia
401 3947 433 3996 ds
444 3944 612 3995 Abbondonia
622 3941 715 3992 melius
725 3957 782 3992 eam
793 3941 880 3991 tenuit
899 3945 1016 4003 tempore
1033 3939 1138 3989 chrici
1151 3940 1226 4002 regis,
1239 3939 1281 3988 avi

282 4026 333 4076 nasi
343 4047 350 4084 ς
366 4028 394 4074 et
404 4022 508 4080 cotella,
520 4035 578 4084 quae
589 4021 616 4067 in
627 4024 698 4068 term
708 4019 753 4066 illa
763 4017 858 4080 injuste
870 4017 958 4066 ablate
968 4019 1038 4076 sunt,
1046 4016 1118 4079 justo
1128 4016 1166 4064 eia
1174 4013 1281 4064 reddam

283 4105 363 4154 facias
372 4124 378 4161 ς
387 4101 394 4134 ¹
412 4105 440 4150 et
451 4100 501 4150 nisi
512 4098 613 4157 feceris,
621 4097 726 4161 justitia
744 4110 802 4145 mss
812 4095 891 4145 faciat
908 4093 972 4143 fleri.
1005 4094 1082 4144 'Peste
1100 4094 1194 4144 comite
1204 4093 1280 4156 Regi·

282 4181 375 4242 nald03
392 4178 463 4242 opud
470 4177 652 4228 windesoram.
671 4173 769 4222 affice.
781 4173 850 4221 Mon.
859 4171 891 4222 de
903 4171 1016 4236 Abingd.
1028 4173 1076 4220 228
1088 4170 1160 4234 (uso.
1173 4171 1264 4234 Gom).

673 4355 679 4386 ¹
699 4351 786 4400 Mcsne
797 4349 896 4412 profits.
