3286 5150
371 663 433 722 ete
617 673 747 718 animm
771 671 1124 716 suono-nonusurrea.

374 857 559 942 Margaritae
574 855 708 938 virginis
724 875 846 918 meeum
863 850 937 916 inde
950 851 1122 916 locuturus.
1160 851 1252 916 Teste
1263 849 1381 914 eodem

373 967 456 1052 apud
473 965 801 1032 Westmonasterium.

419 1077 581 1163 Suppriori
596 1099 718 1162 qnoque
734 1083 765 1139 et
781 1073 950 1138 conventui
960 1073 1085 1157 scripsit
1100 1073 1153 1137 sie.

422 1187 600 1252 Randulfus
616 1186 653 1251 de
670 1181 834 1250 Glanvilla
844 1181 1001 1266 suppriori
1015 1189 1049 1247 et
1063 1182 1233 1248 conventui
1243 1181 1379 1248 eeclesiae

381 1297 503 1363 Christi
535 1295 715 1363 Cantuariae
751 1291 896 1358 salutem.
941 1292 1094 1377 Praeeipio
1116 1293 1206 1358 vobis
1227 1317 1266 1358 ex
1289 1299 1380 1378 parte

378 1409 499 1475 domini
534 1407 618 1494 regis
647 1429 687 1470 ne
717 1404 821 1489 aliquo
857 1403 949 1468 modo
979 1405 1114 1468 tutamini
1140 1411 1250 1468 eontra
1278 1403 1379 1468 domi-

379 1543 455 1585 num
476 1519 734 1585 Cantuariensem
752 1513 1018 1599 arehiepiscopum
1040 1515 1145 1600 eliqua
1159 1515 1380 1601 perquisitione

378 1651 474 1716 quem
499 1635 608 1694 eontra
631 1648 703 1691 eum
728 1625 894 1710 quaesistis,
919 1624 1017 1690 donee
1043 1625 1115 1690 inde
1139 1649 1262 1692 meeum
1282 1625 1378 1690 locuti

378 1740 510 1806 fueritis.
555 1740 601 1804 Et
625 1745 661 1803 tn
684 1737 830 1824 supprior
856 1737 973 1820 absque
996 1737 1155 1803 oeeasione
1178 1744 1211 1803 et
1231 1736 1380 1802 dilatione

378 1851 421 1916 sis
447 1850 619 1916 Londoniis
642 1849 676 1912 in
701 1849 781 1912 festo
810 1846 919 1911 Sancti
936 1847 1047 1911 Jaeobi
1061 1871 1133 1933 epm
1156 1848 1285 1914 oonsilio
1305 1870 1379 1911 eon·

378 1967 492 2028 ventus
526 1961 587 2040 tui,
622 1959 786 2024 auditurus
815 1964 848 2021 et
881 1959 1023 2022 facturus
1058 1959 1141 2043 quod
1175 1959 1234 2022 tibi
1261 1959 1381 2022 dicetur

373 2067 417 2136 'ex
446 2077 535 2156 parte
571 2069 690 2135 domini
727 2069 821 2152 regis,
858 2075 890 2132 et
932 2068 976 2132 ibi
1012 2077 1089 2134 tune
1126 2077 1230 2134 teeum
1268 2069 1381 2132 habens

378 2181 618 2267 perquisitiopes
653 2203 721 2264 quae
754 2177 933 2264 perquisitas
969 2186 1045 2243 sunt
1077 2187 1187 2244 eontra
1217 2180 1380 2245 dominum

379 2291 637 2356 cantuariensem
668 2289 944 2373 arehiepiscopum.
1002 2290 1094 2354 'Peste
1133 2289 1306 2355 willielmo
1341 2289 1380 2353 de

380 2401 543 2466 Glanvilla
572 2423 627 2484 per
652 2406 842 2485 praeeeptum
863 2399 983 2462 domini
1005 2401 1088 2484 regis
1115 2401 1153 2465 de
1178 2401 1261 2465 ultra
1284 2423 1380 2464 mare.

380 2515 439 2578 Per
454 2513 558 2596 ipsum
574 2511 795 2576 Willielmum.
1350 2502 1353 2508 ’

424 2623 486 2687 His
500 2623 618 2687 auditis
633 2622 741 2686 mirati
756 2628 832 2686 sunt
845 2621 994 2687 universi.
1026 2623 1108 2687 Cum
1124 2629 1229 2688 sutem
1239 2621 1382 2706 supprior

378 2758 523 2820 corporea
551 2735 699 2800 detentis
728 2733 913 2797 infirmitate
948 2734 1145 2799 Londoniem
1174 2735 1281 2799 venire
1316 2755 1380 2797 non

378 2845 506 2924 valeret,
525 2845 614 2908 missi
640 2852 717 2909 sunt
742 2845 782 2909 ad
809 2843 1006 2908 Rsndulfum
1032 2846 1177 2910 monaehi
1203 2845 1264 2909 duo
1288 2851 1380 2908 aetate

379 2953 527 3040 provecti,
550 2954 605 3038 qui
626 2977 666 3018 ex
698 2959 787 3038 porte
809 2961 983 3020 conventus
1005 2955 1176 3040 supprioris
1205 2955 1379 3020 absentiam

379 3069 575 3143 excusarent,
600 3071 633 3128 et
658 3068 798 3128 tenorem
825 3064 903 3148 regii
931 3066 1075 3131 audirent
1100 3065 1252 3131 mandati.
1297 3065 1379 3128 Cum

379 3179 486 3240 autem
501 3172 666 3256 praefeetus
681 3173 808 3255 Angliae
818 3175 997 3240 Randultus
1007 3177 1046 3242 de
1054 3177 1224 3261 supprioris
1238 3175 1378 3241 absentia

379 3291 569 3362 causaretur,
587 3283 693 3347 dieens
716 3282 889 3368 simplicius
911 3309 1004 3370 quom
1031 3287 1154 3352 deceret
1175 3310 1239 3351 rem
1262 3287 1378 3350 foetam

378 3394 485 3474 fuisse,
512 3394 697 3478 subjunxit;
724 3394 863 3461 Domino
884 3404 991 3462 nostro
1014 3397 1082 3482 regi
1106 3397 1299 3463 insinuatum
1319 3402 1379 3475 est,

378 3505 463 3592 qnod
477 3528 534 3570 vos
548 3504 671 3570 habetis
686 3505 836 3590 quasdam
851 3507 1089 3591 perquisitiones
1104 3507 1142 3572 de
1154 3509 1255 3572 Romo
1270 3514 1378 3572 eontra

379 3639 450 3684 eum
465 3622 499 3682 et
513 3638 646 3701 regnum
662 3617 759 3701 ipsius
774 3617 887 3701 quibus
898 3617 970 3701 jura
984 3617 1074 3702 regni
1084 3617 1181 3682 vultis
1195 3617 1379 3695 diminuere,

379 3733 412 3793 et
427 3725 524 3811 ipsius
538 3731 657 3790 statum
672 3735 874 3791 commutare.
919 3727 1055 3811 Ideoque
1071 3726 1217 3813 praecepit
1233 3727 1379 3793 dominns

380 3861 444 3917 rex,
459 3843 492 3901 et
507 3859 563 3900 nos
573 3859 612 3900 ex
626 3843 716 3921 parte
730 3837 828 3921 ipsius
836 3837 1044 3922 injungimus,
1056 3861 1097 3903 ne
1105 3837 1380 3923 perquisitionibus

380 3949 443 4013 illis
458 3946 594 4011 utamini
609 3953 777 4032 antequam
792 3948 865 4013 inde
880 3973 952 4013 eum
967 3949 1034 4034 ipso
1050 3951 1177 4015 domino
1194 3971 1267 4033 rege
1283 3948 1379 4013 locuti

379 4057 513 4122 fueritis.
560 4057 654 4120 Unde
670 4056 814 4143 praeeipio
829 4065 866 4122 ut
881 4058 963 4122 infra
978 4061 1052 4125 XV.
1068 4060 1134 4124 dies
1156 4059 1196 4124 ad
1216 4059 1378 4123 dominum

381 4189 487 4250 regem
502 4188 574 4230 enm
589 4167 701 4232 vestris
721 4167 896 4253 privilegiis
918 4171 1085 4235 monaehos
1101 4169 1246 4248 mittatis
1263 4175 1300 4234 ut
1314 4171 1380 4254 ejus

380 4276 508 4342 arbitrio
523 4274 573 4340 vel
587 4277 799 4361 approbentur
814 4280 861 4344 vel
878 4281 1004 4365 penitus
1019 4281 1220 4366 proiciantur.
1268 4283 1377 4345 Senes·

376 4385 472 4451 ealles
495 4408 568 4450 vero
590 4385 661 4452 illos
683 4395 716 4453 et
737 4391 905 4456 monachos
927 4415 1005 4476 qnos
1027 4393 1119 4457 terris
1141 4392 1253 4458 vestris
1268 4399 1379 4477 prester
