3286 5142
732 624 842 670 nsuur
866 625 888 670 1.
1239 606 1299 668 105

298 775 395 840 frater
410 777 478 860 ejus
494 777 653 841 Robertus
669 777 758 842 heres
772 777 821 841 illi
837 777 939 842 factus
952 781 1010 840 'est
1032 797 1161 840 suarum
1183 796 1301 839 rerum.

301 886 368 953 Qui
398 887 539 971 tempore
571 887 847 972 Quadragesimali
880 886 1125 952 Abbendoniam
1161 885 1301 965 veniens,

299 1004 455 1080 regnante
470 1005 548 1063 tunc
565 998 704 1063 Heurico
719 1021 804 1082 rege,
819 1003 852 1062 ct
867 997 983 1062 domno
999 997 1121 1062 Faritic
1144 996 1301 1061 existente

298 1107 422 1183 abbate,
438 1110 584 1194 promisit
599 1131 706 1174 coram
723 1108 834 1173 multis
856 1107 993 1173 testibus
1015 1108 1056 1174 ab
1078 1108 1133 1173 illc
1155 1106 1301 1192 deinceps

299 1241 331 1282 se
346 1219 542 1285 redditurum
557 1219 739 1305 predictam
754 1218 942 1305 pactionem.

551 1381 618 1445 [The
629 1382 689 1431 writ
700 1385 728 1430 tc
738 1382 835 1432 Robsrt
846 1381 898 1431 end
910 1380 1049 1446 Adelelm.]

343 1512 498 1595 Rogerus,
521 1511 685 1596 episcopus
709 1510 903 1592 Saresberiae,
922 1510 1085 1576 Adelelmo
1106 1511 1144 1577 de
1161 1511 1299 1595 Kinges-

297 1628 377 1685 tuna
399 1627 430 1685 et
454 1621 592 1686 Robertc
607 1621 645 1686 de
661 1621 839 1705 Bechepuz,
856 1620 999 1685 salutem.
1045 1620 1194 1705 Praecipio
1210 1621 1299 1686 vobis

298 1732 384 1818 quod
406 1732 544 1796 reddatis
560 1732 694 1814 ccclesiae
717 1731 757 1796 dc
778 1731 976 1796 Abbendona
992 1731 1206 1813 rectitudines,
1223 1755 1301 1818 quas

298 1842 346 1906 illi
379 1842 501 1908 debetis
524 1843 562 1907 de
594 1842 721 1907 ecclesia
745 1849 849 1908 vestra
870 1843 909 1908 de
932 1841 1126 1926 Kingstuua.
1171 1844 1216 1908 Et
1237 1843 1300 1907 nisi

237 1941 241 1950 ’
299 1953 444 2032 feceritis,
468 1953 606 2018 Ilbertus
638 1953 773 2018 decanus
804 1952 973 2018 interdicat
995 1953 1140 2018 divinum
1162 1954 1299 2019 officium

299 2065 382 2148 apud
399 2064 609 2149 Kingestuna.
655 2064 750 2150 Apud
766 2064 1095 2130 westmonasterium.

322 2636 475 2717 [Cnuucu
490 2652 529 2697 cr
547 2634 597 2696 Su.
615 2631 718 2695 Manu
734 2651 773 2694 or
790 2632 976 2694 Auluunou.
1024 2628 1139 2692 Aeour
1156 2627 1279 2708 1110.]¹

301 2795 369 2861 [nno
379 2793 466 2859 urnas
477 2795 537 2844 mie
549 2793 696 2855 forbidding
712 2792 747 2841 m
764 2805 872 2854 persons
889 2765 958 2838 froin
977 2789 1127 2851 naturum
1141 2788 1188 2838 ne
1205 2787 1302 2838 onnon

476 2872 506 2921 cf
521 2871 560 2921 St.
571 2871 646 2934 Mary
656 2870 684 2918 in
695 2869 811 2932 curriegc
822 2869 857 2932 by
869 2867 930 2916 laud
941 2881 972 2916 or
982 2867 1018 2930 by
1028 2864 1132 2931 neten]

302 2999 488 3076 Hermam,
510 3021 565 3062 rex
580 2996 716 3081 Angliae,
732 2995 902 3062 bamnibus
928 2994 1003 3073 suia,
1019 2999 1052 3058 et
1067 2991 1302 3059 vicecomitibus

300 3116 332 3173 et
347 3109 503 3173 ministris
518 3107 593 3186 suis,
610 3108 754 3172 salutem.
795 3105 948 3170 Prohibeo
965 3127 1005 3169 ne
1016 3103 1131 3189 uliquis
1145 3103 1303 3169 disturbet

301 3221 364 3285 ullo
389 3220 481 3284 modo
505 3220 654 3284 carreiam
681 3219 806 3282 Sanctae
831 3216 943 3280 Mariae
967 3215 1005 3280 de
1021 3214 1228 3293 Abbendona,
1244 3235 1301 3278 nec

300 3331 419 3416 aliquid
447 3330 533 3395 aliud
556 3330 640 3414 quod
663 3328 706 3393 sit
728 3327 924 3393 dominicum
948 3325 1083 3406 abbatis,
1107 3327 1157 3392 vel
1193 3348 1301 3390 mona·

299 3442 428 3505 chorum
456 3442 534 3525 ejus,
550 3441 601 3504 vel
625 3461 681 3523 per
703 3447 832 3517 terrem,
847 3438 896 3502 vel
912 3459 968 3521 per
985 3459 1099 3522 uquam
1123 3436 1281 3501 disturbet
1291 3463 1300 3514 ;

300 3553 411 3618 sedin
437 3573 513 3636 pace
538 3558 589 3616 eat
614 3558 646 3614 et
670 3550 777 3615 redeat
801 3549 994 3632 quicumque
1019 3571 1085 3612 rem
1109 3571 1209 3627 suem,
1235 3547 1301 3611 sive

300 3664 422 3728 victum
428 3663 498 3727 'sive
507 3661 632 3748 aliquod
644 3660 740 3738 aliud,
750 3658 833 3745 quod
845 3658 884 3722 ad
897 3681 975 3742 opus
986 3657 1121 3722 ccclesias
1136 3656 1302 3742 pertineat,

300 3773 495 3840 conduxerit.
543 3774 635 3837 Teste
665 3769 841 3835 Willielmo
868 3768 1072 3847 cancellari03
1106 3769 1189 3852 apud
1214 3769 1301 3832 Lun-

299 3885 435 3950 doniam.

530 4092 538 4124 ¹
556 4098 572 4146 2
585 4095 655 4148 Hist.
668 4095 737 4144 Mon.
749 4093 862 4158 Abingc
873 4093 907 4146 78
924 4091 996 4158 (Rec.
1006 4091 1097 4154 Com).
