3286 5150
687 695 796 740 aanor
820 696 859 740 11.
1206 676 1266 740 241

331 849 396 896 from
413 849 490 911 using
506 847 552 897 the
562 849 653 911 pope's
671 848 808 896 mandates
825 847 892 896 until
909 848 972 912 they
983 848 1049 898 shall
1059 848 1125 896 hare
1136 848 1270 897 conterred

331 925 396 972 with
404 925 449 974 the
457 925 529 986 king,
541 939 573 973 on
582 925 629 972 the
641 925 741 987 ground
753 923 813 973 that
824 925 869 973 tho
881 925 1017 974 mandates
1026 941 1070 974 are
1078 925 1105 973 in
1117 925 1269 988 derogation

248 1003 250 1007 ’
330 1004 360 1052 ol'
369 1005 413 1053 the
427 1006 492 1055 lawe
503 1005 532 1053 oi
553 1005 586 1054 he
597 1005 730 1067 kingdom,
743 1005 795 1054 and
812 1005 909 1054 directe
926 1005 999 1055 them
1016 1011 1044 1055 ιο
1055 1021 1130 1069 carry
1143 1006 1187 1054 the
1198 1021 1269 1054 mun·

330 1084 405 1134 dates
417 1092 444 1134 to
455 1087 501 1133 the
509 1086 572 1147 king
579 1085 671 1134 within
680 1087 768 1134 fifteen
776 1086 841 1149 days
852 1107 859 1145 ς
877 1085 933 1134 also
942 1089 970 1134 to
978 1101 1081 1134 remove
1089 1086 1134 1135 the
1144 1085 1269 1134 stewards

330 1162 383 1210 and
398 1164 491 1212 monks
501 1167 550 1224 put
566 1163 593 1210 in
605 1164 693 1225 places
705 1167 828 1226 contrary
840 1167 867 1212 to
879 1163 925 1211 the
936 1163 989 1212 will
1001 1163 1032 1211 ol
1044 1165 1089 1212 the
1106 1162 1268 1224 arohbishop.

330 1241 385 1290 The
396 1241 471 1289 three
482 1240 575 1290 abbots
586 1255 631 1290 are
643 1241 698 1290 also
708 1241 857 1303 prohibited
874 1241 940 1288 from
961 1242 1100 1303 exeonting
1120 1239 1165 1288 tha
1182 1242 1269 1303 pops’s

330 1317 452 1366 mandate
472 1321 500 1366 ιο
517 1317 598 1366 thena
633 1319 726 1366 Monks
744 1334 789 1367 are
800 1334 859 1367 now
871 1321 930 1366 seut
942 1322 970 1366 ιο
982 1319 1026 1367 the
1037 1319 1109 1381 king,
1121 1319 1179 1366 who
1190 1318 1269 1374 reach

330 1395 384 1444 him
402 1395 430 1442 in
446 1395 562 1444 οάοοοοο
578 1394 608 1443 ot*
616 1395 662 1444 tha
681 1395 844 1456 arohbishop‚
862 1395 916 1444 and
933 1397 1022 1445 obtain
1038 1396 1080 1444 his
1099 1395 1199 1454 fureur,
1218 1395 1269 1444 ond

330 1471 440 1521 suooesd
457 1472 651 1534 inpmventing
671 1472 711 1520 his
730 1472 901 1521 intorserenco
920 1487 955 1521 on
974 1473 1063 1522 behalf
1081 1473 1110 1521 of
1129 1474 1174 1522 the
1194 1474 1268 1522 aroh-

330 1549 444 1614 bishop.]

271 1699 489 1763 Batonwmus
511 1703 617 1763 autem
640 1697 877 1764 cantuariensis
900 1699 1148 1784 archiepiscopus
1170 1723 1188 1763 a
1212 1722 1268 1764 suo

267 1808 399 1874 necdum
415 1808 568 1873 desistens
583 1809 740 1893 proposito
763 1809 876 1875 cotidie
898 1832 992 1874 suum
1007 1811 1171 1894 affligebat
1193 1833 1267 1874 con-

266 1926 409 1984 ventum.
470 1918 535 1986 Qui
572 1941 644 1984 cum
680 1943 736 1985 nec
774 1921 894 1986 modice
936 1921 1062 2006 quidem
1099 1922 1268 2006 apostolico

266 2030 399 2096 deferret
421 2029 593 2109 mandato,¹
618 2037 682 2094 tres
704 2031 834 2096 abbates
856 2032 915 2113 illi,
939 2032 1085 2098 videlicet
1108 2031 1145 2096 de
1168 2032 1269 2111 Bello,

266 2141 305 2205 de
321 2141 510 2205 Fauresbam
526 2147 558 2206 et
574 2139 684 2205 Sancti
702 2142 879 2225 Augustini
903 2142 1092 2219 Cantatum,
1108 2142 1163 2226 qui
1186 2142 1269 2206 Can·

266 2249 432 2316 tuariensis
447 2273 546 2314 causae
560 2250 686 2314 fuerant
700 2257 889 2331 executores,
899 2253 1028 2335 praelato
1040 2253 1269 2336 archiepiscopo

265 2362 538 2428 commonitorium
562 2362 717 2427 miserunt
742 2362 917 2447 epistolam,
941 2363 1031 2447 eique
1055 2362 1190 2447 vigilam
1213 2365 1268 2428 Ja-

265 2475 335 2539 cobi
362 2473 495 2559 apostoli
519 2472 602 2538 diem
629 2475 852 2558 peremtorium
881 2475 1091 2559 praefixerunt,
1120 2480 1270 2558 rogantes

265 2584 447 2672 suppliciter
461 2589 499 2648 ut
514 2583 683 2668 apostolico
699 2585 840 2649 obediret
856 2585 1016 2664 mandato,
1032 2585 1182 2650 nesciam
1195 2585 1270 2670 ipsis

266 2696 301 2760 in
322 2693 507 2761 obedientia
523 2693 697 2779 perieulum
721 2694 910 2762 immineret.
956 2695 1018 2761 Sed
1033 2718 1105 2760 cum
1127 2695 1270 2780 praedieti

266 2805 396 2871 abbates
420 2812 454 2872 et
480 2805 626 2870 monachi
645 2804 885 2871 Cantuarienses
903 2806 944 2870 de
961 2806 1062 2872 forma
1076 2806 1270 2871 executionis

266 2919 454 3004 cogitarent,
485 2917 650 3002 ipsumque
673 2916 939 3002 arehiepiscopum
965 2919 1015 2984 vel
1045 2920 1111 3005 ejus
1141 2919 1269 2984 nuntios

266 3030 455 3116 responsales
470 3034 715 3117 expectarent‚a
737 3029 881 3113 praefecto
905 3030 1032 3115 Angliae
1049 3011 1208 3096 Randulfo
1230 3033 1269 3096 de

267 3141 430 3208 Glanvilla
445 3141 624 3224 hujusmodi
639 3147 842 3224 susceperunt
858 3140 1052 3206 mandatum.
1189 3155 1192 3160 '

309 3250 489 3317 Randullus
521 3249 560 3314 de
591 3248 754 3314 Glanvilla
782 3249 890 3314 abbati
920 3250 960 3314 de
998 3250 1086 3314 Bello
1123 3251 1267 3316 salutern.

267 3361 416 3446 Praecipio
438 3359 499 3425 tibi
522 3382 560 3424 ex
579 3366 668 3443 parte
687 3359 809 3423 domini
828 3359 912 3442 regis
929 3383 986 3443 per
1005 3360 1098 3423 fidem
1123 3383 1217 3444 quam
1241 3361 1269 3424 ci

266 3473 358 3538 debes
373 3476 406 3535 et
420 3493 475 3555 per
490 3476 721 3533 sacramentum
736 3466 820 3551 quod
842 3469 870 3532 ei
892 3468 1006 3546 fecisti,
1021 3474 1059 3531 ut
1073 3470 1160 3533 nullo
1177 3470 1268 3532 modo

266 3583 412 3669 procedas
427 3581 460 3644 in
476 3601 568 3644 causa
583 3600 651 3663 quse
667 3577 801 3642 vertitur
816 3577 900 3642 inter
916 3579 1084 3643 monachos
1100 3578 1268 3643 (lantuari-

265 3719 354 3763 enses
369 3700 401 3760 et
423 3693 587 3758 dominum
610 3692 867 3757 Cantuariensem
889 3691 1156 3776 archiepiscopum
1171 3693 1269 3756 donec

266 3816 340 3880 inde
354 3835 476 3879 mecum
492 3812 616 3877 locutus
636 3810 743 3875 tueris.
790 3811 882 3874 'Peste
906 3808 1080 3874 Willielmo
1100 3811 1142 3874 'de
1168 3810 1268 3874 Glan-

266 3930 344 3995 villa
368 3951 422 4014 per
451 3932 638 4012 preceptum
666 3923 787 3988 domini
810 3925 895 4008 regis
916 3925 955 3990 de
979 3925 1063 3989 ultra
1084 3948 1179 3990 mare.
1225 3926 1269 3991 Et

267 4045 355 4111 omni
384 4041 535 4108 dilatione
565 4047 598 4106 et
626 4039 785 4105 occasione
815 4047 935 4105 remota
965 4041 1007 4105 sis
1037 4041 1076 4104 ad
1106 4063 1156 4104 me
1185 4041 1269 4125 apud

267 4155 464 4223 Londonium
488 4153 630 4239 proxima
661 4151 711 4215 die
738 4151 870 4215 Sabbati
893 4159 966 4236 post
994 4151 1111 4216 festum
1145 4154 1268 4216 Sanctae

302 4323 309 4357 ¹
328 4324 383 4372 The
402 4320 570 4370 interserenda
587 4317 617 4366 os
633 4318 678 4366 the
690 4329 757 4378 pope
774 4315 824 4364 had
839 4315 905 4364 been
921 4317 1016 4380 sought
1033 4316 1085 4365 and
1101 4317 1222 4367 obtained
1233 4320 1269 4383 by

268 4401 312 4448 the
325 4400 425 4448 monks.

1124 4503 1145 4546 n
