3286 5142
348 589 409 657 188
597 613 729 658 amorra
750 613 1097 660 auom-uonummos.

344 765 385 829 ad
415 787 518 830 saeros
548 765 673 832 ordines
701 766 850 831 oanonioe
879 765 1033 850 primatos
1062 765 1169 847 luisse,
1193 773 1227 834 et
1250 791 1270 834 a
1293 769 1344 834 die

345 875 553 945 ordinationis
589 898 654 941 sum
689 875 725 940 in
761 876 862 942 officio
899 876 1082 942 saoerdotali
1119 900 1217 963 usque
1261 901 1347 944 nuno

345 988 665 1073 irreprehensabiliter
687 988 895 1076 ministrasse,
909 989 997 1055 alios.
1011 1013 1083 1056 voro
1103 997 1167 1055 tres
1182 990 1250 1058 dies
1273 1014 1346 1057 suos

344 1100 529 1166 innocenter
551 1105 584 1165 et
607 1100 674 1166 sine
699 1102 825 1187 querela
838 1101 966 1192 duxisse
980 1101 1198 1186 cognovimus.
1234 1104 1347 1168 resti-

344 1212 486 1277 monium
523 1217 631 1277 autom
667 1234 775 1277 eorum
812 1234 877 1276 non
906 1210 1008 1276 solum
1037 1213 1123 1276 fama
1149 1213 1347 1279 consentiens

345 1324 481 1402 roborat,
495 1346 605 1389 verum
629 1323 726 1388 etiam
741 1330 775 1389 et
789 1345 846 1387 nos
860 1323 900 1389 ab
916 1323 987 1388 aliis
1010 1322 1163 1409 legitimis
1188 1325 1264 1390 viris
1290 1325 1347 1410 qui

344 1436 378 1500 in
394 1435 540 1521 prasenti
555 1434 623 1501 vita
637 1436 739 1500 adhue
755 1441 923 1520 supersunt
937 1457 1059 1524 nsonon
1074 1442 1108 1501 et
1128 1436 1169 1501 ab
1195 1436 1264 1500 aliis
1291 1438 1347 1523 qui

344 1548 414 1632 jam
435 1547 587 1613 universo
611 1546 713 1611 earnis
736 1546 821 1612 viam
848 1547 985 1630 ingressi
1008 1551 1094 1613 sunt.
1149 1547 1241 1612 Idem
1263 1549 1347 1634 quod

344 1658 405 1745 ipsi
431 1663 575 1724 asserunt
590 1680 622 1722 se
638 1657 752 1722 vidisse
777 1658 899 1722 dudum
925 1657 1112 1743 aooepimus,
1127 1681 1200 1724 oum
1220 1659 1347 1725 eeclesia

347 1767 550 1834 Glouoestriae
560 1772 681 1832 motam
693 1766 806 1853 sapius
814 1768 923 1833 <liebus
935 1769 1192 1853 pradeoessomm
1203 1792 1346 1836 meorum

344 1902 436 1965 super
449 1878 598 1964 praedicta
612 1877 739 1966 ecelesia
754 1876 998 1942 oontroversism
1014 1879 1191 1946 suscitaret.
1220 1881 1347 1947 Extant

344 1997 383 2056 et,
391 1989 457 2070 alii,
471 1995 540 2054 tam
562 1988 602 2054 de
628 1987 809 2052 hominibus
835 1988 961 2054 comitis
978 1989 1182 2055 Glouoestriae
1197 2015 1291 2077 quam
1308 1993 1346 2059 de

344 2101 462 2181 alionis,
477 2101 532 2186 qui
555 2099 721 2166 veritatem
746 2099 945 2166 absoondunt
969 2101 1222 2169 malivolentiam
1246 2105 1346 2191 ipsius

343 2215 500 2278 incurrere
514 2217 701 2290 metuentes,
716 2212 771 2277 sed
785 2211 825 2276 ad
840 2233 909 2276 eam
924 2213 1170 2296 testificandum,
1181 2215 1210 2279 si
1224 2239 1346 2284 neeesse

344 2323 442 2390 luerit
476 2322 594 2402 abbati,
624 2328 730 2388 vostra
766 2327 918 2409 poterunt
954 2323 981 2388 si
1018 2323 1121 2409 placet
1157 2328 1345 2395 auctoritato

344 2431 497 2521 compelli.
542 2432 664 2498 Valete.

486 2963 625 3044 [Morum
647 2981 687 3026 or
709 2963 888 3026 Bonosnur.
933 2961 1048 3025 Asoor
1072 2959 1199 3042 1156.]¹

346 3097 427 3164 [Writ
443 3098 471 3147 of
487 3097 574 3162 Nigra,
583 3097 676 3159 bishop
692 3096 722 3146 of
736 3097 794 3160 Illy,
806 3097 935 3159 dirooting
945 3096 991 3146 tho
1010 3095 1103 3145 aneon
1109 3095 1140 3144 of
1153 3095 1305 3144 Glonosster
1315 3095 1345 3141 to

409 3179 512 3238 protsot
523 3175 569 3236 tho
579 3174 705 3237 plaintiffs
721 3173 749 3222 in
764 3174 810 3223 the
827 3173 975 3236 possession
992 3171 1022 3221 οἰ
1035 3173 1135 3220 semin
1150 3170 1234 3231 lande,
1246 3168 1298 3218 and
1315 3171 1345 3217 to

410 3252 444 3301 do
454 3251 526 3314 right
537 3256 572 3301 ‘to
582 3252 654 3300 them
670 3265 741 3313 upon
760 3249 806 3299 tho
824 3265 886 3298 men
901 3250 960 3298 who
971 3248 1017 3297 did
1027 3249 1143 3300 violsnoe
1153 3249 1182 3296 to
1192 3246 1273 3306 them,
1284 3259 1344 3295 oon·

409 3334 483 3394 trary
494 3333 523 3380 to
533 3329 579 3379 tho
589 3327 674 3392 king's
685 3326 782 3392 wilm]

345 3434 515 3498 Nlounnus
530 3429 666 3496 Elisnsis
681 3430 844 3516 episeopus
858 3434 890 3493 et
911 3427 986 3493 baro
1011 3427 1050 3492 de
1076 3424 1247 3505 Soaooario,
1262 3423 1344 3489 vioe·

344 3543 453 3610 eomiti
480 3544 518 3609 de
544 3541 831 3608 Gloweoestresoira
855 3539 997 3606 salutem.
1042 3535 1245 3622 Praeoipimus
1274 3533 1346 3613 tibi,

344 3663 382 3723 ut
397 3656 492 3722 facias
511 3653 680 3719 monachos
695 3651 734 3716 de
750 3648 928 3715 Bordesleia
942 3655 1046 3714 tenere
1070 3670 1161 3713 suam
1176 3653 1293 3713 terram
1307 3646 1346 3711 de

344 3769 467 3837 cumbe
480 3768 559 3833 bene
573 3771 607 3831 et
621 3763 654 3828 in
670 3785 754 3849 paee,
772 3761 856 3826 siout
869 3759 969 3825 saisiti
985 3765 1061 3824 sunt
1074 3781 1130 3845 per
1143 3759 1236 3825 breve
1251 3757 1344 3842 regis.

344 3884 390 3947 Et
403 3879 474 3945 vide
489 3882 526 3942 ut
540 3876 654 3942 habeas
669 3873 710 3938 ad
725 3893 803 3958 opus
819 3870 903 3956 regis
918 3871 1003 3956 quod
1018 3875 1139 3936 reatum
1153 3875 1202 3935 est
1218 3869 1258 3934 de
1282 3867 1345 3933 illis

343 3991 399 4079 qui
428 3990 495 4056 vim
523 3986 703 4052 intulerunt
732 3981 890 4068 pradiotis
927 3981 1089 4046 monachis
1109 4001 1211 4066 ,super
1238 3979 1346 4044 brevia

344 4103 437 4187 regis.
481 4097 626 4164 'Postibus
641 4093 803 4159 Willelmo
820 4092 937 4157 cumin
952 4095 985 4157 et
1000 4091 1021 4156 J
1022 4092 1145 4157 ohanne
1160 4089 1345 4156 Maresoallo

344 4213 427 4300 apud
442 4206 770 4276 westmonasterium.

598 4361 606 4394 ¹
625 4359 725 4416 Madox,
738 4357 809 4408 nist.
822 4357 900 4407 Exoh.
913 4355 1101 4420 142(f01.0d.).
