3252 5112
625 1384 886 1489 WILLIAM
923 1386 964 1489 I'.

312 1637 454 1722 [Enwnq
476 1659 497 1702 A
520 1639 628 1720 Dnun,
643 1659 682 1703 nr
696 1660 747 1704 un.
763 1640 1057 1718 c.W1uumu,ruu
1073 1640 1299 1719 Cur-numne,

533 1769 573 1814 nr
593 1769 644 1815 nu.
690 1751 779 1816 Soou
800 1770 902 1815 Arrun
925 1751 1053 1835 1066.]¹

296 1961 434 2026 [Neutrnle
452 1965 499 2010 not
516 1965 544 2011 tc
561 1962 594 2010 be
610 1961 742 2011 dieceiecd„
776 1959 875 2022 Edem,
887 1962 994 2022 eDene,
1005 1960 1058 2010 end
1079 1961 1169 2012 othere
1181 1960 1296 2023 elleging

361 2040 515 2088 themselves
527 2042 555 2088 to
566 2040 632 2088 heve
643 2039 709 2088 been
726 2039 843 2087 neutrale
855 2039 882 2087 in
899 2039 945 2087 the
956 2042 1059 2088 contest
1070 2039 1188 2087 between
1201 2037 1299 2086 Horcld

360 2115 413 2166 end
430 2116 549 2174 Williem,
567 2116 695 2177 complein
717 2115 777 2162 thet
796 2115 859 2178 they
876 2115 942 2163 heve
960 2114 1026 2163 been
1042 2114 1167 2163 dieeeieed
1183 2113 1214 2162 of
1231 2114 1312 2162 cheir-

361 2193 437 2242 lende
453 2194 545 2256 hythe
562 2193 664 2242 lutter'e
681 2207 749 2241 men.
784 2193 865 2241 Proot'
879 2192 908 2240 of
921 2192 1065 2256 neutrolity
1084 2191 1187 2250 offered,
1205 2206 1234 2240 ee
1254 2192 1300 2240 the

361 2271 425 2334 king
441 2284 502 2333 moy
513 2269 605 2318 direct.
637 2268 681 2317 An
697 2268 850 2331 inquisition
866 2268 981 2327 ordered,
993 2268 1044 2316 end
1056 2268 1103 2317 the
1117 2269 1261 2332 neutrolity
1272 2268 1304 2317 oi

361 2347 406 2398 the
417 2346 543 2412 pleintiffe
555 2345 645 2396 found.
679 2335 821 2410 Jndgrnent
833 2347 861 2395 in
872 2346 941 2396 their
951 2343 1067 2410 sercou]

295 2513 451 2577 Enmuus
469 2511 577 2577 Dacus
591 2509 680 2576 venit
694 2511 732 2576 de
747 2511 848 2577 Dacia
863 2513 897 2576 in
913 2512 1066 2596 Anglicm
1082 2535 1154 2577 cum
1170 2511 1297 2578 Cunuto

294 2645 369 2707 rege
385 2623 558 2697 Denorum‚
570 2641 634 2687 nn.
650 2623 745 2702 1014,
757 2623 881 2707 quando
896 2623 963 2709 ipse
975 2625 1119 2688 Cenutue
1130 2623 1301 2689 debellavit

243 2813 245 2818 Ι
295 2757 368 2800 cum
384 2732 509 2799 Edredo
525 2755 600 2817 rege
615 2733 751 2816 Angliae.
797 2733 842 2797 Et
861 2733 923 2799 fuit
945 2735 1010 2820 ipse
1033 2735 1184 2799 Edwinus
1199 2735 1299 2800 domi·

296 2867 357 2908 nue
379 2843 503 2928 integre
527 2843 567 2907 de
587 2842 744 2926 proedictie
759 2843 844 2908 villis
871 2844 924 2928 (ec.
940 2844 1153 2910 Neteehemiae
1168 2847 1241 2930 ete.)
1266 2851 1299 2911 ct

295 2955 435 3020 obtinuit
454 2954 561 3018 omnic
583 2951 732 3037 predicta
755 2953 790 3018 in
812 2977 897 3039 puce,
921 2978 1082 3040 quousque
1104 2955 1298 3022 Williclmue

293 3066 459 3132 buetcrdue
495 3065 560 3130 dux
596 3065 855 3130 Ncrmunnorum
885 3066 975 3132 veuit
1011 3066 1167 3150 Angliem
1204 3089 1298 3152 euper

296 3177 473 3243 Hcrcldum
494 3198 613 3260 regem,
627 3175 684 3262 qui
706 3181 873 3241 coronatus
894 3176 958 3242 fuit
980 3178 1063 3262 apud
1078 3177 1297 3243 Westmcnce·

293 3288 421 3367 terium,
444 3306 508 3352 cn.
541 3287 637 3353 1066.
682 3287 727 3351 Et
756 3296 829 3370 post
858 3287 1090 3353 coronationem
1117 3310 1207 3352 cuam
1230 3288 1298 3372 ipsc

294 3399 381 3464 dedit
403 3398 541 3464 diversae
555 3401 656 3462 terrae
678 3395 714 3460 in
736 3396 857 3481 Anglia
878 3396 1010 3462 diversis
1031 3398 1224 3479 hominibus,
1239 3399 1296 3486 qui

297 3531 403 3575 eccum
429 3511 582 3572 venerant
603 3506 639 3570 in
662 3506 779 3571 auxilio
801 3506 841 3571 ed
862 3507 1017 3592 Anglicm
1041 3509 1295 3594 conquirendum.

295 3620 386 3683 Inter
411 3639 489 3702 quae
513 3615 601 3682 dedit
623 3617 797 3682 Wilhelmo
819 3617 982 3702 Albenege
1004 3619 1161 3704 pincerne
1184 3640 1240 3683 euo
1263 3625 1294 3686 et

294 3727 468 3794 Williclmo
486 3726 524 3792 dc
538 3727 713 3792 Wurennia
727 3727 889 3793 forestario
909 3751 975 3808 sno,
989 3729 1128 3793 diversae
1142 3734 1240 3794 terrae
1260 3737 1293 3796 et

294 3837 522 3904 dominationes
543 3835 578 3901 in
601 3837 756 3901 comitatu
778 3837 947 3902 Norfolciae
961 3843 994 3902 et
1015 3837 1090 3902 alibi
1112 3838 1147 3902 in
1163 3839 1292 3924 Anglia.

293 3953 338 4016 Et
374 3947 514 4034 predicti
544 3946 737 4012 Willielmus
773 3947 922 4032 pincerna
957 3954 990 4013 et
1027 3948 1219 4014 Willielmue
1255 3953 1293 4018 de

292 4059 465 4127 Wcrenniu
494 4063 527 4125 et
556 4080 664 4124 omncs
694 4057 749 4122 alii
779 4057 834 4142 qui
860 4062 1016 4124 venerunt
1044 4082 1117 4124 cum
1146 4062 1294 4146 predicto

292 4177 506 4258 conquestore,
537 4169 694 4256 ejecerunt
723 4165 860 4233 diversos
896 4168 1039 4234 homines
1075 4168 1112 4234 de
1146 4173 1294 4238 omnibus

360 4344 368 4376 ¹
386 4343 505 4404 wilkins,
518 4343 581 4406 ch.
592 4341 735 4405 Ano-Sax-
746 4339 813 4402 zeh
835 4343 849 4391 l
862 4341 979 4406 Phtllipc,
993 4343 1059 4408 Eng.
1070 4343 1176 4394 Rechte
1189 4345 1229 4396 92.

379 4409 461 4582 d}
1143 4455 1163 4498 Β
