3280 5132
715 659 855 705 wrnnmn
880 663 902 706 1.
1268 649 1306 711 19

304 841 403 913 verat,
430 842 464 899 et
485 835 567 916 inde,
591 837 787 902 concordiam
812 861 843 902 se
867 840 1025 904 facturum
1053 863 1125 905 cum
1152 843 1306 928 episcopo,

304 945 543 1012 conventionem
567 947 651 1014 fecit.
696 949 740 1012 Et
761 947 834 1014 inde
849 955 926 1014 sunt
948 949 1088 1033 legitimi
1110 957 1207 1018 testes
1223 954 1306 1037 apud

304 1078 373 1136 nos,
387 1057 515 1137 milites,
529 1059 672 1125 homiues
689 1062 811 1124 Sancta
823 1061 945 1139 Mariae,
963 1068 995 1126 et
1011 1062 1160 1148 episcopi,
1176 1063 1231 1149 qui
1246 1063 1305 1129 hoc

303 1169 451 1234 viderunt
466 1177 498 1234 et
512 1171 692 1248 audierunt,
707 1172 810 1257 parati
831 1173 890 1236 hoc
910 1173 1042 1256 probare
1057 1196 1113 1258 per
1129 1195 1304 1238 sacramen·

302 1283 373 1343 tum
399 1286 432 1345 et
464 1280 583 1345 bellum
620 1287 730 1346 contra
763 1281 962 1345 Rannulfum
998 1281 1129 1347 fratrem
1165 1283 1305 1367 ejusdem

303 1389 437 1456 Walteri
459 1391 593 1472 abbatis,
611 1415 703 1478 quem
729 1393 775 1457 ibi
795 1392 955 1472 viderunt,
975 1393 1029 1477 qui
1046 1415 1119 1457 cum
1136 1394 1232 1459 fratre
1248 1417 1305 1458 suo

302 1501 431 1566 tenebat
452 1501 533 1567 illud
558 1503 709 1587 placitum
734 1509 843 1568 contra
869 1502 1063 1588 episcopum,
1086 1504 1112 1567 si
1130 1503 1211 1568 banc
1231 1526 1306 1568 oon-

302 1611 484 1677 ventionem
513 1635 628 1697 negare
651 1613 796 1694 voluerit,
820 1613 936 1677 factam
964 1611 1049 1678 inter
1071 1613 1252 1698 episcopum
1273 1621 1306 1679 et

301 1720 459 1787 abbatem.
499 1723 663 1789 Habemus
677 1723 774 1788 ctiam
790 1722 869 1787 sacri
885 1722 1005 1786 ordinis
1021 1723 1115 1802 viros,
1128 1724 1304 1790 sacerdotes

303 1835 335 1896 et
349 1831 506 1912 diaconos,
521 1839 645 1918 paratos
661 1834 739 1898 illud
755 1835 910 1898 affirmare
923 1832 1041 1916 juditio
1057 1833 1127 1899 Dei.

515 2057 583 2122 [The
594 2060 680 2124 king's
691 2061 752 2110 vvrit
764 2059 794 2108 os
802 2059 939 2109 execution
951 2059 981 2108 ol
989 2057 1093 2123 above]

346 2210 527 2275 Willelmns
551 2233 605 2275 rex
626 2211 805 2296 Anglorum
830 2211 872 2276 V.
896 2210 1085 2289 vicecomiti,
1108 2215 1141 2274 et
1165 2207 1306 2276 Osberno

304 2321 370 2384 lilio
385 2323 513 2407 Escrop,
528 2327 562 2387 ct
585 2321 732 2386 omnibus
748 2321 877 2386 Francis
900 2327 934 2386 et
950 2320 1066 2404 Anglis
1081 2321 1119 2385 de
1135 2321 1303 2386 Wiriceas·

302 2438 450 2517 trescyre,
496 2432 640 2498 salutem.
691 2433 772 2498 Volo
810 2437 843 2496 et
878 2431 1027 2516 precipio,
1067 2437 1105 2495 ut
1142 2430 1305 2515 episcopus

302 2542 506 2608 Wulfstanus
535 2544 582 2608 ita
611 2543 746 2628 pleniter
774 2542 890 2607 habeat
919 2564 1035 2623 socam,
1064 2547 1097 2606 et
1126 2564 1241 2620 sacam,
1271 2548 1305 2607 et

302 2655 440 2736 servitia,
464 2660 498 2720 et
523 2679 632 2721 omnes
655 2655 896 2720 consuetudines
921 2655 962 2718 ad
988 2676 1082 2718 suum
1103 2653 1247 2718 hundred
1273 2659 1306 2719 et

302 2765 343 2829 ad
371 2773 471 2831 terras
509 2789 581 2831 suas
617 2766 821 2851 pertinentes,
851 2766 943 2830 sicut.
974 2765 1088 2830 melius
1124 2763 1236 2828 habuit
1271 2765 1306 2829 in

304 2883 444 2960 tempore
459 2877 543 2962 regis
559 2877 726 2956 Edwardi3
759 2875 844 2942 etde
866 2877 958 2941 terris
983 2897 1060 2960 quas
1085 2875 1152 2959 ipse
1178 2874 1306 2940 diratio-

303 2986 424 3052 cinavit
452 2988 600 3053 abbatem
629 2988 667 3053 de
697 2987 874 3053 Eovesham
903 2987 942 3051 de
972 3009 1028 3051 suo
1059 2985 1152 3051 fendo
1188 2989 1305 3063 tenere,

303 3097 422 3163 scilicet
433 3099 521 3162 IIII.
533 3098 624 3162 hidas
635 3098 676 3162 ad
687 3096 947 3182 Benninguurdc,
956 3101 990 3160 et
1004 3094 1112 3160 domos
1121 3094 1156 3158 in
1166 3094 1305 3176 civitate,

303 3207 451 3292 precipio,
465 3214 512 3288 ut,
528 3209 554 3272 si
569 3209 665 3273 abbas
680 3207 750 3272 illas
774 3207 845 3272 vult
864 3205 987 3286 habere,
1004 3205 1066 3271 sibi
1080 3205 1154 3270 inde
1178 3207 1305 3287 serviat,

303 3319 385 3383 sicut
399 3317 454 3383 alii
469 3318 518 3382 sui
534 3319 663 3386 feudati.
690 3320 734 3383 Et
748 3319 787 3384 de
802 3319 876 3382 XV.
893 3317 976 3382 hidis
991 3317 1029 3383 dc
1045 3317 1207 3396 Hantona,
1224 3319 1306 3383 unde

303 3429 465 3513 episcopus
487 3428 721 3494 diratiocinavit
742 3449 857 3508 socam,
873 3433 906 3492 et
927 3426 1069 3512 geldam,
1086 3432 1119 3490 et
1133 3425 1306 3510 expeditio-

303 3562 388 3619 nem,
420 3543 453 3604 et
483 3545 586 3604 cetera
621 3562 692 3605 mea
728 3539 858 3604 servitia
894 3538 934 3602 ad
970 3560 1064 3602 suum
1094 3536 1250 3616 hundred,
1272 3543 1306 3601 et

306 3649 500 3729 cirichescot,
529 3653 562 3714 et
591 3649 787 3734 sepulturam
816 3648 857 3712 ad
886 3669 976 3712 suam
1001 3646 1111 3711 villam
1141 3645 1308 3730 pertinere,

303 3758 452 3844 precipio,
467 3781 507 3823 ne
522 3758 606 3822 ullus
621 3757 650 3822 ei
664 3763 774 3822 contra
788 3763 906 3835 teneat,
921 3756 975 3819 scd
990 3754 1033 3818 sic
1057 3753 1177 3818 habeat
1203 3753 1315 3818 omnia.

304 3869 341 3934 de
365 3868 429 3933 illis
454 3868 494 3933 ad
520 3890 626 3933 meum
651 3889 729 3951 opus
752 3872 785 3932 et
808 3888 913 3945 suum,
928 3863 1012 3930 sicut
1037 3884 1142 3928 coram
1158 3863 1306 3929 Gosfrido

302 3980 456 4065 episcopo,
472 3984 505 4044 et
528 4000 632 4044 coram
661 3977 758 4056 vobis,
785 3974 954 4041 secrmdum
981 3993 1089 4038 meum
1114 3979 1307 4059 preceptum,

302 4096 441 4156 testante
468 4089 702 4166 vicecomitatu,
727 4085 986 4152 diratiocinatum
1016 4090 1048 4149 et
1073 4083 1218 4169 juratum
1250 4091 1310 4166 eet,

302 4207 382 4266 teste
397 4201 465 4286 ipso
486 4199 633 4266 Goslrido
649 4199 793 4284 episcopo
809 4203 843 4263 et
862 4195 903 4262 R.
920 4197 958 4261 de
976 4195 1109 4262 Ivereio.
