3286 5142
368 594 430 656 114
613 612 746 658 ennom
768 613 1119 661 lisono-nostrimet.

408 787 585 869 [Moosnnn
599 811 625 854 o.
644 789 749 855 Pmon
767 809 834 855 sno
850 791 974 856 Mones
989 811 1029 856 or
1046 793 1152 858 Bsrn.
1199 791 1323 877 1121]Ι

365 919 433 986 [Tire
446 922 564 985 plnintiff
576 923 668 974 olnime
679 925 779 974 oertnin
790 925 852 974 lond
863 929 892 976 et
903 927 981 987 Beth,
992 942 1023 976 ss
1034 927 1079 976 the
1090 927 1204 990 adopted
1221 926 1279 976 heir
1296 928 1327 977 oi
1335 927 1368 978 G.

427 1001 482 1050 lete
498 1017 591 1062 owner,
609 1003 661 1052 ond
679 1003 727 1052 hos
744 1018 761 1052 s
780 1005 840 1053 writ
857 1003 886 1052 ot'
900 1005 988 1053 eeisin.
1028 1005 1082 1053 'ibe
1098 1003 1255 1055 defendente
1272 1020 1306 1054 on
1322 1004 1369 1054 tho

428 1077 505 1126 other
520 1079 591 1127 hond
608 1080 692 1129 effirm
709 1079 769 1128 thet
787 1079 819 1128 G.
836 1079 896 1129 bold
912 1079 955 1129 ior
970 1079 1017 1128 lile
1033 1081 1117 1130 under
1132 1081 1297 1142 themselves,
1315 1080 1367 1128 end

428 1155 598 1204 surrendered
613 1159 642 1204 to
652 1156 725 1204 them
741 1155 788 1206 the
802 1155 864 1204 land
879 1157 908 1204 in
918 1156 960 1205 bis
974 1157 1027 1207 lest
1045 1157 1171 1218 nomer,
1184 1157 1235 1206 end
1253 1157 1369 1220 produoe

428 1232 571 1282 witnesses.
604 1233 628 1280 A
644 1233 750 1282 ohsrter
765 1233 855 1282 iselso
866 1233 1020 1282 introduced
1037 1235 1065 1283 in
1083 1234 1205 1284 ovidonoe
1221 1235 1313 1298 bytho
1324 1234 1367 1283 de·

427 1307 558 1358 tendente.
594 1309 649 1359 'l'be
666 1314 740 1359 oonrt
751 1310 831 1374 being
841 1311 920 1360 mnoh
931 1311 1035 1360 divided
1051 1312 1079 1359 in
1095 1312 1209 1374 opinion,
1220 1312 1267 1360 the
1282 1311 1367 1361 oldest

427 1386 480 1434 end
488 1389 557 1437 most
565 1387 658 1435 skilled
666 1388 694 1435 in
705 1389 751 1436 the
760 1387 810 1436 lew
821 1403 866 1436 ere
877 1389 1016 1450 mquested
1028 1393 1057 1438 to
1067 1390 1146 1438 retire
1154 1389 1207 1438 end
1219 1389 1309 1438 deside
1321 1388 1368 1438 tbo

426 1467 531 1513 matter.
563 1465 642 1514 Their
654 1465 769 1515 deoision
785 1466 809 1516 is
826 1467 885 1515 tbnt
902 1466 949 1515 the
964 1467 1082 1528 pleintid‘
1093 1471 1166 1517 must
1182 1468 1295 1530 prodnoe
1312 1471 1366 1517 two

426 1541 562 1592 witnessss
572 1541 641 1591 irom
650 1543 695 1592 the
706 1543 870 1593 defendents’
877 1543 983 1604 ohurob,
990 1559 1043 1593 ore
1051 1545 1284 1608 genuinoobsrter.
1309 1543 1366 1594 'ibo

426 1620 544 1683 pleintiff
551 1621 574 1670 is
586 1622 671 1681 silent,
683 1621 734 1670 end
742 1621 883 1685 jndgment
897 1621 1008 1685 isgiren
1020 1621 1061 1670 ior
1071 1621 1116 1670 the
1128 1622 1302 1682 defendent„
1319 1621 1366 1670 the

426 1701 502 1747 oonrt
513 1699 592 1761 being
603 1697 740 1762 oompoesd
750 1699 780 1748 os
793 1699 907 1761 bisbops,
918 1699 1102 1758 nrobdeeoons,
1114 1699 1206 1760 olsrks,
1218 1700 1364 1763 obeploins,

426 1775 478 1824 end
489 1773 599 1839 others]

360 1913 413 1978 Ds
439 1919 521 1980 terre
545 1915 676 1980 Grontae
699 1915 734 1979 in
760 1914 878 1980 Stoehe
903 1913 1010 1978 north.
1065 1913 1176 1980 Mense
1205 1914 1303 1979 Junio
1328 1913 1363 1979 in

359 2025 496 2091 erastino
511 2025 697 2092 festivitatis
710 2023 923 2109 apostolorum
938 2023 1025 2090 Petri
1039 2030 1073 2090 et
1087 2025 1191 2105 Pauli,
1204 2025 1362 2090 residente

359 2134 394 2200 in
419 2135 506 2201 ouria
530 2159 588 2201 sua
611 2137 722 2201 Bathae
748 2135 894 2202 iohanne
919 2135 1074 2222 episeopo,
1098 2158 1171 2202 oum
1195 2137 1305 2202 amieis
1327 2144 1361 2204 et

359 2247 539 2326 baronibus,
555 2248 610 2335 qui
642 2247 738 2314 simul
769 2248 811 2313 nd
833 2247 917 2312 diem
941 2248 1059 2312 festum
1085 2247 1227 2328 aderant,
1250 2247 1362 2312 delato

358 2363 435 2424 sunt
456 2359 486 2425 ei
508 2359 621 2425 littere
646 2381 721 2425 oum
745 2358 851 2445 sigillo
874 2357 980 2444 regio:
1004 2381 1137 2445 querum
1161 2358 1262 2423 forme
1275 2358 1360 2424 heo:

358 2467 539 2535 Willelmus
575 2469 658 2534 lilius
695 2470 791 2556 regis,
820 2469 963 2536 iohanni
999 2469 1144 2555 episeopo
1179 2468 1219 2534 de
1255 2469 1361 2535 Bothe

356 2580 503 2646 salntem.
546 2579 699 2665 Praeoipio
713 2586 752 2645 ut
767 2579 875 2646 saisias
890 2579 1094 2646 Modbertum
1105 2580 1192 2664 juste
1214 2580 1253 2646 de
1275 2585 1360 2646 terra

355 2713 451 2777 quom
466 2690 572 2756 tenuit
588 2690 709 2756 Grento
723 2690 762 2755 de
782 2691 887 2769 Stoea,
903 2690 986 2756 siout
1007 2690 1207 2755 hereditavit
1229 2713 1302 2756 eum
1324 2690 1360 2755 in

354 2802 423 2866 vite
436 2824 504 2866 sue.
549 2802 640 2866 Teste
661 2801 806 2886 episeopo
824 2800 1054 2866 salesberiensi.
1101 2800 1208 2866 Lectis
1231 2801 1361 2881 litteris,

354 2911 517 2995 episeopus
540 2910 632 2976 dixit.
688 2910 791 2975 Sicuti
822 2933 880 2996 per
912 2911 969 2975 has
992 2910 1072 2974 mihi
1097 2911 1220 2976 litteras
1246 2934 1265 2976 a
1289 2911 1356 2976 filio

354 3021 487 3086 Domini
512 3021 575 3086 mei
600 3020 788 3085 mandatum
811 3025 860 3085 est
886 3020 965 3101 fieri,
979 3020 1006 3085 si
1030 3027 1137 3086 tomen
1159 3023 1287 3107 justum
1302 3027 1354 3087 est

353 3131 525 3216 acquiesco.
570 3131 637 3195 Vos
662 3135 781 3212 sutem,
801 3153 858 3195 vos
883 3129 978 3196 amici
1003 3131 1066 3196 mei
1092 3139 1126 3197 et
1141 3133 1284 3213 Domini,
1300 3133 1358 3220 qui

352 3247 482 3327 propter
505 3240 712 3325 apostolieum
735 3240 819 3306 diem
843 3240 1015 3306 solenniter
1028 3240 1105 3306 huie
1119 3242 1237 3308 adestis
1251 3243 1356 3321 ouriae,

352 3353 430 3439 quid
445 3352 480 3417 in
494 3353 553 3416 hoo
566 3351 685 3437 justius
707 3351 750 3416 sit
771 3350 925 3416 discutere
939 3373 1049 3435 preoor
1070 3352 1256 3436 dignemini.
1302 3354 1357 3420 Ad

351 3466 417 3530 haeo
439 3465 573 3530 domnus
594 3463 689 3548 prior,
714 3462 826 3527 habito
847 3484 921 3527 cum
942 3461 1092 3527 fratribus
1114 3463 1256 3544 oonsilio,
1279 3463 1355 3529 doto

350 3576 521 3662 diligenter
546 3574 586 3640 ab
612 3573 759 3640 omnibus
784 3571 955 3652 audientis,
971 3571 1016 3637 sio
1030 3573 1153 3638 loeutus
1172 3581 1241 3640 est:
1267 3574 1354 3641 Quo-

351 3689 437 3753 niam
452 3686 581 3773 quidem
600 3684 727 3750 nonnisi
749 3685 835 3769 juste
860 3683 981 3770 aliquid
1004 3685 1056 3748 hio
1079 3684 1147 3750 fieri
1174 3707 1274 3771 neque
1299 3709 1355 3751 rex

349 3821 451 3884 neque
466 3798 551 3884 regis
566 3797 651 3862 iilius
666 3795 819 3882 precipit,
834 3801 867 3862 et
882 3795 972 3862 vobis
985 3801 1139 3882 tanquam
1160 3796 1238 3861 viris
1261 3797 1355 3862 bonis

349 3917 382 3976 et
413 3909 495 3996 juris
530 3909 641 3995 peritis
673 3914 782 3973 utrum
817 3908 944 3992 justum
981 3907 1024 3971 sit
1054 3906 1141 3992 quod
1171 3906 1355 3992 praeoipitur

348 4021 504 4086 discutere
536 4019 758 4100 committitur,
780 4018 936 4104 quomodo
967 4039 1000 4082 se
1033 4017 1078 4081 rei
1100 4015 1216 4081 veritas
1238 4015 1354 4081 habeat

348 4130 548 4196 manifestius
563 4129 721 4208 videbitis,
738 4129 765 4194 si
781 4152 831 4194 me
846 4129 985 4194 breviter
998 4127 1178 4192 locuturum
1195 4125 1354 4209 patienter

618 4331 625 4364 ¹
645 4331 714 4380 Med.
727 4331 796 4380 Eiet.
809 4330 889 4378 llxoh.
901 4327 933 4382 '75
946 4328 1002 4390 (idl.
1014 4327 1076 4391 ed.).
