3286 5142
697 658 805 704 unsar
829 659 851 704 1.
1208 641 1268 704 119

268 810 413 896 quodam
428 810 504 877 illuc
528 811 759 893 confluxerunt,
773 811 894 878 scilicet
921 810 1099 876 Radbertus
1121 811 1160 877 de
1175 813 1271 898 Brys,

269 922 392 987 Alanus
415 923 453 988 de
477 921 612 1001 Perceio,
628 922 792 988 Walterus
818 923 930 1006 Espec,
947 924 1050 988 Forno
1072 923 1158 988 filius
1188 923 1269 1006 Sig„

270 1033 449 1100 Rodbertus
463 1034 503 1099 de
517 1033 664 1113 Wituila,
675 1032 820 1098 Odardus
831 1033 1003 1100 vicecomes
1012 1034 1269 1122 Northymbren-

268 1143 351 1208 sium
366 1167 438 1210 eum
453 1144 624 1229 majoribus
646 1144 788 1230 ejusdem
810 1144 989 1224 comitatus,
1004 1145 1136 1232 aliisque
1158 1168 1267 1231 quam·

267 1254 382 1339 plures.
427 1255 542 1322 Coram
567 1254 680 1321 homm
709 1254 890 1341 frequentia
918 1277 992 1321 cum
1021 1279 1094 1322 suas
1123 1258 1269 1323 monachi

266 1365 485 1452 depromerent
510 1367 660 1453 querelas,
691 1389 760 1434 ecce
783 1366 969 1462 ,Homoldus
993 1367 1031 1434 de
1055 1368 1192 1446 Peroeio‚
1220 1368 1270 1434 vir

266 1497 381 1560 genere
418 1483 450 1544 et
485 1477 608 1544 divitiis
646 1483 751 1557 notus,
789 1483 823 1543 et
859 1477 894 1542 in
930 1478 1065 1544 veritate
1106 1479 1269 1544 asserenda

266 1595 424 1669 constans,
434 1611 602 1674 exurgens,
618 1589 652 1653 in
672 1589 892 1654 testimonium
918 1588 1064 1654 veritatis
1091 1589 1269 1654 affirmabat

265 1722 371 1766 coram
394 1699 553 1780 omnibus,
568 1705 601 1765 et
616 1699 739 1765 audisse
761 1722 793 1765 se
819 1704 853 1765 et
877 1699 993 1766 vidisse
1018 1700 1144 1766 comitis
1169 1701 1268 1785 poeni·

266 1810 401 1874 tentiam
427 1833 521 1896 super
546 1810 628 1875 banc
651 1809 804 1895 injuriam
818 1832 913 1895 quam
931 1811 1049 1874 Sancto
1074 1810 1266 1876 Outhbert0¹

266 1917 421 1983 violenter
446 1917 651 2002 irrogaverat.
697 1919 791 1998 Cum,
816 1917 934 2002 inquit,
963 1924 1074 2003 captus
1102 1941 1205 1984 eomes
1233 1919 1268 1984 in

265 2027 333 2093 loco
348 2051 441 2113 quem
459 2030 576 2094 Sancto
593 2030 770 2095 Cutbberto
793 2028 978 2109 abstulerat,
1000 2035 1127 2114 propter
1147 2028 1269 2095 inflicta

266 2139 328 2204 sibi
344 2139 474 2204 vulnera
489 2139 523 2204 in
539 2139 652 2204 feretro
667 2139 792 2204 delatus
807 2145 889 2204 esset
906 2138 1115 2220 Dunelmum‚
1141 2141 1268 2224 rogavit

265 2255 303 2315 ut
332 2249 393 2316 sibi
421 2251 529 2316 liceret
557 2251 597 2316 ad
627 2250 780 2316 orandum
808 2250 970 2316 ecclesiam
999 2249 1127 2318 intrare.
1172 2250 1268 2316 Quod

265 2383 339 2426 eum
365 2360 426 2426 sibi
449 2361 661 2426 eburonibus
688 2383 753 2425 non
782 2360 1028 2446 permitteretur,
1058 2359 1093 2424 in
1122 2358 1268 2426 lacrimas

265 2473 430 2550 resolutus,
454 2477 488 2536 et
513 2473 553 2536 ad
579 2471 740 2537 eeclesiam
766 2471 934 2556 respiciens
958 2493 1031 2535 cum
1060 2469 1195 2556 gemitu,
1210 2471 1265 2551 ait,

264 2584 328 2648 “O
345 2585 459 2648 Sancte
475 2582 661 2662 cuthberte,
672 2582 760 2670 juste
774 2582 832 2646 has
846 2579 1042 2646 calamitates
1064 2580 1179 2665 patior,
1193 2580 1267 2665 quia

276 2718 298 2760 n
312 2700 345 2760 te
360 2699 393 2760 et
407 2695 441 2760 in
455 2698 529 2760 tuos
543 2694 679 2779 peccavi.
737 2694 815 2758 Haeo
831 2699 879 2758 est
894 2697 951 2757 tua
966 2714 1058 2776 super
1072 2713 1175 2756 meam
1190 2692 1266 2757 vitas

264 2804 441 2889 nequitiam
470 2805 623 2870 vindicta.
668 2805 781 2870 Precor
810 2809 843 2868 te
875 2802 992 2868 Sancte
1022 2801 1085 2866 Dei
1120 2800 1266 2868 miserere

263 2916 360 2981 mei.'’
405 2916 468 2981 His
497 2916 625 2997 auditir,
649 2938 757 2982 omnes
786 2915 906 3001 injuste
929 2917 1036 2978 actum
1059 2935 1126 2978 esse
1155 2917 1266 2978 contra

263 3028 510 3093 Dunelmensem
555 3025 716 3091 ecclesiam
762 3023 928 3090 dicebant:
966 3028 1000 3088 et
1036 3022 1109 3088 licet
1145 3045 1194 3088 res
1229 3023 1264 3089 in

260 3138 409 3225 praesenti
445 3136 564 3222 corrigi
600 3136 789 3221 nequiverit,
827 3140 937 3200 tamen
972 3134 1147 3218 prudenter
1182 3134 1263 3200 hanc

260 3247 473 3334 calumpniam
509 3270 565 3333 pro
601 3246 709 3312 futuro
738 3253 879 3332 tempore
908 3267 1013 3311 coram
1042 3250 1094 3310 tot
1122 3244 1262 3310 virorum

262 3359 439 3445 frequentia
453 3358 570 3424 factam
585 3357 772 3423 asserebant.

297 3783 435 3867 [Morum
457 3801 498 3847 or
521 3783 573 3847 Sr.
599 3784 750 3848 Smrnru
772 3807 801 3848 a.
824 3783 896 3846 'rm
919 3780 1040 3846 Krrra’s
1062 3779 1222 3845 husam.

705 3893 833 3979 naa?

258 4038 327 4104 [The
337 4040 465 4104 plaintiffs
482 4041 565 4106 allego
582 4041 641 4092 that
657 4041 704 4092 the
720 4041 876 4092 defendente
891 4041 958 4090 have
974 4038 1128 4103 unlawl'ully
1136 4036 1260 4101 oooupied

323 4118 463 4168 ouranos
475 4119 544 4168 their
555 4119 638 4169 landa.
671 4119 727 4169 The
743 4119 808 4183 king
824 4117 914 4168 orders
929 4117 976 4166 tha
992 4116 1112 4179 question
1129 4118 1157 4164 to
1173 4115 1206 4164 ba
1216 4113 1260 4163 de·

335 4373 342 4404 ¹
362 4375 398 4424 Ar
411 4375 535 4425 Durham.
699 4373 709 4404 ¹
725 4374 741 4422 2
754 4371 886 4434 Palgmre,
899 4366 1125 4428 Commonwealth,
1138 4367 1194 4416 18³.
