<?xml version="1.0" encoding="UTF-8"?>
<!DOCTYPE html PUBLIC "-//W3C//DTD XHTML 1.0 Transitional//EN"
    "http://www.w3.org/TR/xhtml1/DTD/xhtml1-transitional.dtd">
<html xmlns="http://www.w3.org/1999/xhtml" xml:lang="en" lang="en">
 <head>
  <title>
</title>
<meta http-equiv="Content-Type" content="text/html;charset=utf-8" />
  <meta name='ocr-system' content='tesseract 3.04.00' />
  <meta name='ocr-capabilities' content='ocr_page ocr_carea ocr_par ocr_line ocrx_word'/>
</head>
<body>
  <div class='ocr_page' id='page_1' title='image "./placitaanglonor01bigegoog_0257.png"; bbox 0 0 3286 5150; ppageno 0'>
   <div class='ocr_carea' id='block_1_1' title="bbox 366 643 1117 709">
    <p class='ocr_par' dir='ltr' id='par_1_1' title="bbox 366 643 1117 709">
     <span class='ocr_line' id='line_1_1' title="bbox 366 643 1117 709; baseline 0 -2"><span class='ocrx_word' id='word_1_1' title='bbox 366 643 429 707; x_wconf 79' lang='lat'><strong>192</strong></span> <span class='ocrx_word' id='word_1_2' title='bbox 615 661 747 708; x_wconf 72' lang='lat' dir='ltr'><strong>amorra</strong></span> <span class='ocrx_word' id='word_1_3' title='bbox 769 661 1117 709; x_wconf 76' lang='lat' dir='ltr'><strong>sucro-nonnanrucn.</strong></span> 
     </span>
    </p>
   </div>
   <div class='ocr_carea' id='block_1_2' title="bbox 361 811 1365 1455">
    <p class='ocr_par' dir='ltr' id='par_1_2' title="bbox 361 811 1365 1455">
     <span class='ocr_line' id='line_1_2' title="bbox 363 811 1365 896; baseline 0.003 -17"><span class='ocrx_word' id='word_1_4' title='bbox 363 817 462 879; x_wconf 88' lang='lat' dir='ltr'><strong>terras</strong></span> <span class='ocrx_word' id='word_1_5' title='bbox 485 811 562 879; x_wconf 86' lang='lat' dir='ltr'><strong>istas</strong></span> <span class='ocrx_word' id='word_1_6' title='bbox 588 813 786 894; x_wconf 90' lang='lat' dir='ltr'><strong>Otintonam,</strong></span> <span class='ocrx_word' id='word_1_7' title='bbox 816 815 947 894; x_wconf 69' lang='lat' dir='ltr'><strong>Iaeecha,</strong></span> <span class='ocrx_word' id='word_1_8' title='bbox 974 821 1007 880; x_wconf 86' lang='lat' dir='ltr'><strong>et</strong></span> <span class='ocrx_word' id='word_1_9' title='bbox 1032 816 1189 896; x_wconf 89' lang='lat' dir='ltr'><strong>Stanedis,</strong></span> <span class='ocrx_word' id='word_1_10' title='bbox 1215 817 1365 882; x_wconf 73' lang='lat' dir='ltr'>continue</span> 
     </span>
     <span class='ocr_line' id='line_1_3' title="bbox 362 925 1363 1014; baseline 0.005 -25"><span class='ocrx_word' id='word_1_11' title='bbox 362 925 666 1010; x_wconf 88' lang='lat' dir='ltr'><strong>tanquamproprias</strong></span> <span class='ocrx_word' id='word_1_12' title='bbox 674 925 821 991; x_wconf 87' lang='lat' dir='ltr'><strong>tenuisse.</strong></span> <span class='ocrx_word' id='word_1_13' title='bbox 866 925 1086 992; x_wconf 82' lang='lat' dir='ltr'><strong>Nihilominus</strong></span> <span class='ocrx_word' id='word_1_14' title='bbox 1100 928 1197 992; x_wconf 89' lang='lat' dir='ltr'><strong>etiam</strong></span> <span class='ocrx_word' id='word_1_15' title='bbox 1208 934 1363 1014; x_wconf 87' lang='lat' dir='ltr'><strong>quantum</strong></span> 
     </span>
     <span class='ocr_line' id='line_1_4' title="bbox 361 1035 1363 1124; baseline 0.004 -24"><span class='ocrx_word' id='word_1_16' title='bbox 361 1039 395 1100; x_wconf 90' lang='lat' dir='ltr'><strong>et</strong></span> <span class='ocrx_word' id='word_1_17' title='bbox 408 1041 536 1120; x_wconf 86' lang='lat' dir='ltr'><strong>patrum</strong></span> <span class='ocrx_word' id='word_1_18' title='bbox 550 1035 677 1121; x_wconf 89' lang='lat' dir='ltr'><strong>scriptis</strong></span> <span class='ocrx_word' id='word_1_19' title='bbox 691 1043 725 1102; x_wconf 88' lang='lat' dir='ltr'><strong>et</strong></span> <span class='ocrx_word' id='word_1_20' title='bbox 739 1036 909 1102; x_wconf 83' lang='lat' dir='ltr'><strong>eonmdam</strong></span> <span class='ocrx_word' id='word_1_21' title='bbox 923 1037 1103 1102; x_wconf 75' lang='lat' dir='ltr'><strong>narratione</strong></span> <span class='ocrx_word' id='word_1_22' title='bbox 1114 1037 1233 1104; x_wconf 86' lang='lat' dir='ltr'><strong>firmari</strong></span> <span class='ocrx_word' id='word_1_23' title='bbox 1247 1044 1363 1124; x_wconf 83' lang='lat' dir='ltr'><strong>potest,</strong></span> 
     </span>
     <span class='ocr_line' id='line_1_5' title="bbox 362 1145 1363 1234; baseline 0.005 -25"><span class='ocrx_word' id='word_1_24' title='bbox 362 1145 579 1212; x_wconf 68' lang='lat' dir='ltr'><strong>indubitanter</strong></span> <span class='ocrx_word' id='word_1_25' title='bbox 600 1147 718 1232; x_wconf 82' lang='lat' dir='ltr'><strong>agnovi</strong></span> <span class='ocrx_word' id='word_1_26' title='bbox 733 1147 817 1232; x_wconf 89' lang='lat' dir='ltr'><strong>quod</strong></span> <span class='ocrx_word' id='word_1_27' title='bbox 839 1147 963 1212; x_wconf 88' lang='lat' dir='ltr'><strong>easdem</strong></span> <span class='ocrx_word' id='word_1_28' title='bbox 983 1149 1146 1213; x_wconf 73' lang='lat' dir='ltr'><strong>retroactis</strong></span> <span class='ocrx_word' id='word_1_29' title='bbox 1167 1148 1363 1234; x_wconf 80' lang='lat' dir='ltr'><strong>temporibus</strong></span> 
     </span>
     <span class='ocr_line' id='line_1_6' title="bbox 361 1257 1361 1344; baseline 0.004 -23"><span class='ocrx_word' id='word_1_30' title='bbox 361 1278 400 1321; x_wconf 89' lang='lat' dir='ltr'><strong>ex</strong></span> <span class='ocrx_word' id='word_1_31' title='bbox 417 1257 549 1342; x_wconf 87' lang='lat' dir='ltr'><strong>antiqua</strong></span> <span class='ocrx_word' id='word_1_32' title='bbox 563 1257 755 1322; x_wconf 84' lang='lat' dir='ltr'><strong>Marciorum</strong></span> <span class='ocrx_word' id='word_1_33' title='bbox 778 1257 958 1342; x_wconf 83' lang='lat' dir='ltr'><strong>principum</strong></span> <span class='ocrx_word' id='word_1_34' title='bbox 972 1258 1142 1324; x_wconf 79' lang='lat' dir='ltr'><strong>donatione</strong></span> <span class='ocrx_word' id='word_1_35' title='bbox 1157 1259 1361 1344; x_wconf 84' lang='lat' dir='ltr'><strong>possederint.</strong></span> 
     </span>
     <span class='ocr_line' id='line_1_7' title="bbox 363 1367 1360 1455; baseline 0.004 -23"><span class='ocrx_word' id='word_1_36' title='bbox 363 1369 440 1432; x_wconf 84' lang='lat' dir='ltr'><strong>Haeo</strong></span> <span class='ocrx_word' id='word_1_37' title='bbox 465 1367 572 1453; x_wconf 85' lang='lat' dir='ltr'><strong>itaque</strong></span> <span class='ocrx_word' id='word_1_38' title='bbox 596 1391 670 1434; x_wconf 86' lang='lat' dir='ltr'><strong>vera</strong></span> <span class='ocrx_word' id='word_1_39' title='bbox 693 1367 794 1433; x_wconf 88' lang='lat' dir='ltr'><strong>sciens</strong></span> <span class='ocrx_word' id='word_1_40' title='bbox 822 1391 888 1434; x_wconf 86' lang='lat' dir='ltr'><strong>esse</strong></span> <span class='ocrx_word' id='word_1_41' title='bbox 916 1375 1070 1455; x_wconf 88' lang='lat' dir='ltr'><strong>tanquam</strong></span> <span class='ocrx_word' id='word_1_42' title='bbox 1099 1393 1171 1435; x_wconf 89' lang='lat' dir='ltr'><strong>vera</strong></span> <span class='ocrx_word' id='word_1_43' title='bbox 1200 1371 1360 1436; x_wconf 83' lang='lat' dir='ltr'><strong>testificor.</strong></span> 
     </span>
    </p>
   </div>
   <div class='ocr_carea' id='block_1_3' title="bbox 360 1478 872 1563">
    <p class='ocr_par' dir='ltr' id='par_1_3' title="bbox 360 1478 872 1563">
     <span class='ocr_line' id='line_1_8' title="bbox 360 1478 872 1563; baseline -0.002 -19"><span class='ocrx_word' id='word_1_44' title='bbox 360 1479 475 1544; x_wconf 83' lang='lat' dir='ltr'><strong>Valeat</strong></span> <span class='ocrx_word' id='word_1_45' title='bbox 489 1484 593 1544; x_wconf 86' lang='lat' dir='ltr'><strong>vestra</strong></span> <span class='ocrx_word' id='word_1_46' title='bbox 606 1478 788 1563; x_wconf 80' lang='lat' dir='ltr'><strong>paternitas,</strong></span> <span class='ocrx_word' id='word_1_47' title='bbox 802 1479 872 1544; x_wconf 88' lang='lat' dir='ltr'><strong>etc.¹</strong></span> 
     </span>
    </p>
   </div>
   <div class='ocr_carea' id='block_1_4' title="bbox 404 1676 1483 1776">
    <p class='ocr_par' dir='ltr' id='par_1_4' title="bbox 404 1676 1483 1776">
     <span class='ocr_line' id='line_1_9' title="bbox 404 1676 1483 1776; baseline 0.004 -36"><span class='ocrx_word' id='word_1_48' title='bbox 404 1676 493 1742; x_wconf 87' lang='lat' dir='ltr'><strong>Patri</strong></span> <span class='ocrx_word' id='word_1_49' title='bbox 509 1700 565 1741; x_wconf 90' lang='lat' dir='ltr'><strong>suo</strong></span> <span class='ocrx_word' id='word_1_50' title='bbox 580 1684 612 1742; x_wconf 91' lang='lat' dir='ltr'><strong>et</strong></span> <span class='ocrx_word' id='word_1_51' title='bbox 627 1676 755 1742; x_wconf 90' lang='lat' dir='ltr'><strong>domino</strong></span> <span class='ocrx_word' id='word_1_52' title='bbox 772 1679 904 1742; x_wconf 90' lang='lat' dir='ltr'><strong>Summo</strong></span> <span class='ocrx_word' id='word_1_53' title='bbox 920 1677 1067 1742; x_wconf 88' lang='lat' dir='ltr'><strong>Pontifici</strong></span> <span class='ocrx_word' id='word_1_54' title='bbox 1089 1678 1248 1762; x_wconf 86' lang='lat' dir='ltr'><strong>Eugenio,</strong></span> <span class='ocrx_word' id='word_1_55' title='bbox 1264 1679 1361 1744; x_wconf 85' lang='lat' dir='ltr'><strong>frater</strong></span> <span class='ocrx_word' id='word_1_56' title='bbox 1477 1767 1483 1776; x_wconf 24' lang='grc' dir='ltr'>ι</span> 
     </span>
    </p>
   </div>
   <div class='ocr_carea' id='block_1_5' title="bbox 350 1786 1360 3538">
    <p class='ocr_par' dir='ltr' id='par_1_5' title="bbox 350 1786 1360 3538">
     <span class='ocr_line' id='line_1_10' title="bbox 359 1786 1358 1874; baseline 0.003 -23"><span class='ocrx_word' id='word_1_57' title='bbox 359 1787 497 1852; x_wconf 75' lang='lat' dir='ltr'><strong>&#39;l&#39;homas</strong></span> <span class='ocrx_word' id='word_1_58' title='bbox 518 1788 557 1852; x_wconf 91' lang='lat' dir='ltr'><strong>de</strong></span> <span class='ocrx_word' id='word_1_59' title='bbox 579 1788 724 1854; x_wconf 89' lang='lat' dir='ltr'><strong>Peresore</strong></span> <span class='ocrx_word' id='word_1_60' title='bbox 747 1787 853 1852; x_wconf 91' lang='lat' dir='ltr'><strong>dictus</strong></span> <span class='ocrx_word' id='word_1_61' title='bbox 875 1786 982 1868; x_wconf 88' lang='lat' dir='ltr'><strong>abbas,</strong></span> <span class='ocrx_word' id='word_1_62' title='bbox 1004 1793 1038 1852; x_wconf 90' lang='lat' dir='ltr'><strong>et</strong></span> <span class='ocrx_word' id='word_1_63' title='bbox 1059 1787 1193 1854; x_wconf 82' lang='lat' dir='ltr'><strong>fratrum</strong></span> <span class='ocrx_word' id='word_1_64' title='bbox 1220 1789 1358 1874; x_wconf 88' lang='lat' dir='ltr'><strong>ejusdem</strong></span> 
     </span>
     <span class='ocr_line' id='line_1_11' title="bbox 358 1896 1360 1984; baseline 0.003 -22"><span class='ocrx_word' id='word_1_65' title='bbox 358 1897 492 1963; x_wconf 77' lang='lat' dir='ltr'><strong>ecclesias</strong></span> <span class='ocrx_word' id='word_1_66' title='bbox 513 1903 688 1962; x_wconf 89' lang='lat' dir='ltr'><strong>conventus</strong></span> <span class='ocrx_word' id='word_1_67' title='bbox 709 1896 849 1976; x_wconf 87' lang='lat' dir='ltr'><strong>humilis,</strong></span> <span class='ocrx_word' id='word_1_68' title='bbox 865 1896 1079 1962; x_wconf 88' lang='lat' dir='ltr'><strong>voluntarium</strong></span> <span class='ocrx_word' id='word_1_69' title='bbox 1103 1897 1206 1984; x_wconf 88' lang='lat' dir='ltr'><strong>siquid</strong></span> <span class='ocrx_word' id='word_1_70' title='bbox 1227 1905 1360 1983; x_wconf 85' lang='lat' dir='ltr'><strong>possunt</strong></span> 
     </span>
     <span class='ocr_line' id='line_1_12' title="bbox 358 2008 1358 2094; baseline 0.002 -19"><span class='ocrx_word' id='word_1_71' title='bbox 358 2009 471 2075; x_wconf 89' lang='lat' dir='ltr'><strong>humili</strong></span> <span class='ocrx_word' id='word_1_72' title='bbox 485 2009 652 2076; x_wconf 87' lang='lat' dir='ltr'><strong>devotione</strong></span> <span class='ocrx_word' id='word_1_73' title='bbox 667 2008 842 2074; x_wconf 85' lang='lat' dir='ltr'><strong>servitium.</strong></span> <span class='ocrx_word' id='word_1_74' title='bbox 888 2008 937 2072; x_wconf 93' lang='lat' dir='ltr'><strong>De</strong></span> <span class='ocrx_word' id='word_1_75' title='bbox 952 2008 1079 2094; x_wconf 89' lang='lat' dir='ltr'><strong>querela</strong></span> <span class='ocrx_word' id='word_1_76' title='bbox 1094 2031 1189 2094; x_wconf 87' lang='lat' dir='ltr'><strong>quam</strong></span> <span class='ocrx_word' id='word_1_77' title='bbox 1211 2010 1358 2077; x_wconf 85' lang='lat' dir='ltr'><strong>adversus</strong></span> 
     </span>
     <span class='ocr_line' id='line_1_13' title="bbox 357 2120 1356 2205; baseline -0.001 -16"><span class='ocrx_word' id='word_1_78' title='bbox 357 2123 516 2189; x_wconf 88' lang='lat' dir='ltr'><strong>ecclesiam</strong></span> <span class='ocrx_word' id='word_1_79' title='bbox 533 2120 739 2186; x_wconf 80' lang='lat' dir='ltr'><strong>Gloucestrioe</strong></span> <span class='ocrx_word' id='word_1_80' title='bbox 754 2120 856 2186; x_wconf 90' lang='lat' dir='ltr'><strong>movit</strong></span> <span class='ocrx_word' id='word_1_81' title='bbox 871 2121 1120 2205; x_wconf 77' lang='lat' dir='ltr'><strong>archiepiscopus</strong></span> <span class='ocrx_word' id='word_1_82' title='bbox 1138 2123 1356 2203; x_wconf 85' lang='lat' dir='ltr'><strong>Eboraeensis,</strong></span> 
     </span>
     <span class='ocr_line' id='line_1_14' title="bbox 356 2230 1357 2317; baseline -0.001 -18"><span class='ocrx_word' id='word_1_83' title='bbox 356 2240 423 2300; x_wconf 84' lang='lat' dir='ltr'><strong>tam</strong></span> <span class='ocrx_word' id='word_1_84' title='bbox 442 2233 630 2317; x_wconf 88' lang='lat' dir='ltr'><strong>scriptorum</strong></span> <span class='ocrx_word' id='word_1_85' title='bbox 651 2231 795 2311; x_wconf 84' lang='lat' dir='ltr'><strong>veritate,</strong></span> <span class='ocrx_word' id='word_1_86' title='bbox 812 2253 907 2316; x_wconf 89' lang='lat' dir='ltr'><strong>quam</strong></span> <span class='ocrx_word' id='word_1_87' title='bbox 930 2230 990 2295; x_wconf 88' lang='lat' dir='ltr'><strong>lide</strong></span> <span class='ocrx_word' id='word_1_88' title='bbox 1012 2230 1113 2314; x_wconf 84' lang='lat' dir='ltr'><strong>digna</strong></span> <span class='ocrx_word' id='word_1_89' title='bbox 1134 2231 1295 2314; x_wconf 84' lang='lat' dir='ltr'><strong>relatione,</strong></span> <span class='ocrx_word' id='word_1_90' title='bbox 1310 2233 1357 2299; x_wconf 87' lang='lat' dir='ltr'><strong>ita</strong></span> 
     </span>
     <span class='ocr_line' id='line_1_15' title="bbox 356 2340 1356 2428; baseline -0.001 -19"><span class='ocrx_word' id='word_1_91' title='bbox 356 2367 414 2410; x_wconf 89' lang='lat' dir='ltr'><strong>nos</strong></span> <span class='ocrx_word' id='word_1_92' title='bbox 447 2343 706 2428; x_wconf 74' lang='lat' dir='ltr'><strong>predecessorum</strong></span> <span class='ocrx_word' id='word_1_93' title='bbox 740 2347 920 2406; x_wconf 88' lang='lat' dir='ltr'><strong>nostrorum</strong></span> <span class='ocrx_word' id='word_1_94' title='bbox 956 2340 1145 2407; x_wconf 88' lang='lat' dir='ltr'><strong>certificavit</strong></span> <span class='ocrx_word' id='word_1_95' title='bbox 1174 2343 1356 2424; x_wconf 87' lang='lat' dir='ltr'><strong>auctoritas,</strong></span> 
     </span>
     <span class='ocr_line' id='line_1_16' title="bbox 355 2452 1353 2542; baseline -0.001 -21"><span class='ocrx_word' id='word_1_96' title='bbox 355 2456 439 2542; x_wconf 94' lang='lat' dir='ltr'><strong>quod</strong></span> <span class='ocrx_word' id='word_1_97' title='bbox 474 2455 675 2540; x_wconf 86' lang='lat' dir='ltr'><strong>aliquatenus</strong></span> <span class='ocrx_word' id='word_1_98' title='bbox 705 2452 849 2518; x_wconf 87' lang='lat' dir='ltr'><strong>dubitare</strong></span> <span class='ocrx_word' id='word_1_99' title='bbox 884 2474 949 2517; x_wconf 90' lang='lat' dir='ltr'><strong>non</strong></span> <span class='ocrx_word' id='word_1_100' title='bbox 978 2474 1145 2536; x_wconf 88' lang='lat' dir='ltr'><strong>possumus</strong></span> <span class='ocrx_word' id='word_1_101' title='bbox 1173 2454 1353 2537; x_wconf 72' lang='lat' dir='ltr'><strong>predictam</strong></span> 
     </span>
     <span class='ocr_line' id='line_1_17' title="bbox 354 2563 1354 2648; baseline -0.007 -12"><span class='ocrx_word' id='word_1_102' title='bbox 354 2568 517 2636; x_wconf 88' lang='lat' dir='ltr'><strong>ecclesiam</strong></span> <span class='ocrx_word' id='word_1_103' title='bbox 538 2565 743 2631; x_wconf 92' lang='lat' dir='ltr'><strong>nihilominus</strong></span> <span class='ocrx_word' id='word_1_104' title='bbox 760 2565 842 2647; x_wconf 83' lang='lat' dir='ltr'><strong>juris</strong></span> <span class='ocrx_word' id='word_1_105' title='bbox 856 2563 970 2628; x_wconf 89' lang='lat' dir='ltr'><strong>habere</strong></span> <span class='ocrx_word' id='word_1_106' title='bbox 985 2563 1018 2628; x_wconf 90' lang='lat' dir='ltr'><strong>in</strong></span> <span class='ocrx_word' id='word_1_107' title='bbox 1034 2563 1126 2628; x_wconf 82' lang='lat' dir='ltr'><strong>terris</strong></span> <span class='ocrx_word' id='word_1_108' title='bbox 1141 2587 1219 2648; x_wconf 88' lang='lat' dir='ltr'><strong>quas</strong></span> <span class='ocrx_word' id='word_1_109' title='bbox 1235 2565 1354 2629; x_wconf 88' lang='lat' dir='ltr'><strong>calum-</strong></span> 
     </span>
     <span class='ocr_line' id='line_1_18' title="bbox 353 2674 1355 2756; baseline -0.005 -10"><span class='ocrx_word' id='word_1_110' title='bbox 353 2681 462 2746; x_wconf 88' lang='lat' dir='ltr'><strong>niatur</strong></span> <span class='ocrx_word' id='word_1_111' title='bbox 474 2678 622 2744; x_wconf 89' lang='lat' dir='ltr'><strong>dominus</strong></span> <span class='ocrx_word' id='word_1_112' title='bbox 639 2676 855 2755; x_wconf 85' lang='lat' dir='ltr'><strong>Eboracenaia,</strong></span> <span class='ocrx_word' id='word_1_113' title='bbox 876 2674 1023 2740; x_wconf 87' lang='lat' dir='ltr'><strong>videlicet</strong></span> <span class='ocrx_word' id='word_1_114' title='bbox 1043 2674 1176 2756; x_wconf 82' lang='lat' dir='ltr'><strong>Lecche,</strong></span> <span class='ocrx_word' id='word_1_115' title='bbox 1198 2676 1355 2755; x_wconf 84' lang='lat' dir='ltr'><strong>Stanedia,</strong></span> 
     </span>
     <span class='ocr_line' id='line_1_19' title="bbox 354 2786 1354 2874; baseline -0.004 -17"><span class='ocrx_word' id='word_1_116' title='bbox 354 2799 387 2858; x_wconf 90' lang='lat' dir='ltr'><strong>et</strong></span> <span class='ocrx_word' id='word_1_117' title='bbox 411 2790 577 2871; x_wconf 86' lang='lat' dir='ltr'><strong>Otintone,</strong></span> <span class='ocrx_word' id='word_1_118' title='bbox 601 2811 696 2874; x_wconf 74' lang='lat' dir='ltr'><strong>quam</strong></span> <span class='ocrx_word' id='word_1_119' title='bbox 722 2788 755 2852; x_wconf 95' lang='lat' dir='ltr'><strong>in</strong></span> <span class='ocrx_word' id='word_1_120' title='bbox 772 2787 834 2852; x_wconf 90' lang='lat' dir='ltr'><strong>hiis</strong></span> <span class='ocrx_word' id='word_1_121' title='bbox 853 2786 893 2851; x_wconf 92' lang='lat' dir='ltr'><strong>de</strong></span> <span class='ocrx_word' id='word_1_122' title='bbox 910 2786 1025 2872; x_wconf 89' lang='lat' dir='ltr'><strong>quibus</strong></span> <span class='ocrx_word' id='word_1_123' title='bbox 1051 2791 1176 2852; x_wconf 90' lang='lat' dir='ltr'><strong>constat</strong></span> <span class='ocrx_word' id='word_1_124' title='bbox 1195 2787 1277 2872; x_wconf 92' lang='lat' dir='ltr'><strong>quod</strong></span> <span class='ocrx_word' id='word_1_125' title='bbox 1303 2809 1354 2853; x_wconf 88' lang='lat' dir='ltr'><strong>eas</strong></span> 
     </span>
     <span class='ocr_line' id='line_1_20' title="bbox 353 2897 1353 2984; baseline -0.005 -16"><span class='ocrx_word' id='word_1_126' title='bbox 353 2902 503 2968; x_wconf 89' lang='lat' dir='ltr'><strong>continue</strong></span> <span class='ocrx_word' id='word_1_127' title='bbox 527 2925 547 2966; x_wconf 91' lang='lat' dir='ltr'><strong>a</strong></span> <span class='ocrx_word' id='word_1_128' title='bbox 570 2900 673 2984; x_wconf 90' lang='lat' dir='ltr'><strong>prima</strong></span> <span class='ocrx_word' id='word_1_129' title='bbox 697 2899 745 2963; x_wconf 90' lang='lat' dir='ltr'><strong>sui</strong></span> <span class='ocrx_word' id='word_1_130' title='bbox 771 2897 957 2963; x_wconf 81' lang='lat' dir='ltr'><strong>fundatione</strong></span> <span class='ocrx_word' id='word_1_131' title='bbox 986 2898 1137 2963; x_wconf 91' lang='lat' dir='ltr'><strong>tenuerit.</strong></span> <span class='ocrx_word' id='word_1_132' title='bbox 1181 2899 1269 2962; x_wconf 90' lang='lat' dir='ltr'><strong>Nam</strong></span> <span class='ocrx_word' id='word_1_133' title='bbox 1294 2898 1353 2963; x_wconf 85' lang='lat' dir='ltr'><strong>sub</strong></span> 
     </span>
     <span class='ocr_line' id='line_1_21' title="bbox 351 3007 1353 3097; baseline -0.003 -20"><span class='ocrx_word' id='word_1_134' title='bbox 351 3035 427 3097; x_wconf 83' lang='lat' dir='ltr'><strong>rege</strong></span> <span class='ocrx_word' id='word_1_135' title='bbox 455 3011 647 3078; x_wconf 85' lang='lat' dir='ltr'><strong>Marciorum</strong></span> <span class='ocrx_word' id='word_1_136' title='bbox 677 3008 844 3089; x_wconf 88' lang='lat' dir='ltr'><strong>Adelredo,</strong></span> <span class='ocrx_word' id='word_1_137' title='bbox 881 3008 1015 3074; x_wconf 85' lang='lat' dir='ltr'><strong>emensis</strong></span> <span class='ocrx_word' id='word_1_138' title='bbox 1044 3007 1118 3073; x_wconf 88' lang='lat' dir='ltr'><strong>inde</strong></span> <span class='ocrx_word' id='word_1_139' title='bbox 1148 3007 1218 3094; x_wconf 89' lang='lat' dir='ltr'><strong>jam</strong></span> <span class='ocrx_word' id='word_1_140' title='bbox 1255 3009 1353 3094; x_wconf 88' lang='lat' dir='ltr'><strong>quad-</strong></span> 
     </span>
     <span class='ocr_line' id='line_1_22' title="bbox 352 3118 1352 3206; baseline -0.004 -18"><span class='ocrx_word' id='word_1_141' title='bbox 352 3122 519 3206; x_wconf 82' lang='lat' dir='ltr'><strong>ringentis,</strong></span> <span class='ocrx_word' id='word_1_142' title='bbox 535 3127 568 3188; x_wconf 86' lang='lat' dir='ltr'><strong>at</strong></span> <span class='ocrx_word' id='word_1_143' title='bbox 587 3143 623 3185; x_wconf 90' lang='lat' dir='ltr'><strong>eo</strong></span> <span class='ocrx_word' id='word_1_144' title='bbox 637 3118 774 3203; x_wconf 87' lang='lat' dir='ltr'><strong>amplius</strong></span> <span class='ocrx_word' id='word_1_145' title='bbox 788 3119 881 3183; x_wconf 92' lang='lat' dir='ltr'><strong>annis</strong></span> <span class='ocrx_word' id='word_1_146' title='bbox 897 3141 917 3183; x_wconf 91' lang='lat' dir='ltr'><strong>a</strong></span> <span class='ocrx_word' id='word_1_147' title='bbox 934 3119 1104 3204; x_wconf 85' lang='lat' dir='ltr'><strong>subregulo</strong></span> <span class='ocrx_word' id='word_1_148' title='bbox 1121 3119 1352 3185; x_wconf 87' lang='lat' dir='ltr'><strong>Hunctiorum¹</strong></span> 
     </span>
     <span class='ocr_line' id='line_1_23' title="bbox 352 3229 1351 3318; baseline -0.003 -19"><span class='ocrx_word' id='word_1_149' title='bbox 352 3233 461 3300; x_wconf 87' lang='lat' dir='ltr'><strong>Osrico</strong></span> <span class='ocrx_word' id='word_1_150' title='bbox 484 3231 539 3318; x_wconf 90' lang='lat' dir='ltr'><strong>qui</strong></span> <span class='ocrx_word' id='word_1_151' title='bbox 560 3253 695 3316; x_wconf 86' lang='lat' dir='ltr'><strong>regnum</strong></span> <span class='ocrx_word' id='word_1_152' title='bbox 717 3234 824 3313; x_wconf 90' lang='lat' dir='ltr'><strong>postea</strong></span> <span class='ocrx_word' id='word_1_153' title='bbox 845 3229 1177 3294; x_wconf 90' lang='lat' dir='ltr'><strong>Nordanhimbrorum</strong></span> <span class='ocrx_word' id='word_1_154' title='bbox 1200 3229 1351 3310; x_wconf 88' lang='lat' dir='ltr'><strong>obtinuit,</strong></span> 
     </span>
     <span class='ocr_line' id='line_1_24' title="bbox 350 3340 1351 3430; baseline -0.006 -20"><span class='ocrx_word' id='word_1_155' title='bbox 350 3347 383 3411; x_wconf 91' lang='lat' dir='ltr'><strong>in</strong></span> <span class='ocrx_word' id='word_1_156' title='bbox 399 3343 589 3430; x_wconf 88' lang='lat' dir='ltr'><strong>quibusdam</strong></span> <span class='ocrx_word' id='word_1_157' title='bbox 603 3363 711 3407; x_wconf 88' lang='lat' dir='ltr'><strong>earum</strong></span> <span class='ocrx_word' id='word_1_158' title='bbox 727 3341 871 3420; x_wconf 81' lang='lat' dir='ltr'><strong>lundata,</strong></span> <span class='ocrx_word' id='word_1_159' title='bbox 886 3340 1075 3425; x_wconf 86' lang='lat' dir='ltr'><strong>quibusdam</strong></span> <span class='ocrx_word' id='word_1_160' title='bbox 1091 3363 1166 3405; x_wconf 86' lang='lat' dir='ltr'><strong>vero</strong></span> <span class='ocrx_word' id='word_1_161' title='bbox 1181 3363 1199 3404; x_wconf 87' lang='lat' dir='ltr'><strong>a</strong></span> <span class='ocrx_word' id='word_1_162' title='bbox 1215 3340 1351 3425; x_wconf 88' lang='lat' dir='ltr'><strong>quodam</strong></span> 
     </span>
     <span class='ocr_line' id='line_1_25' title="bbox 352 3451 1353 3538; baseline -0.005 -17"><span class='ocrx_word' id='word_1_163' title='bbox 352 3456 526 3522; x_wconf 87' lang='lat' dir='ltr'><strong>AElmundo</strong></span> <span class='ocrx_word' id='word_1_164' title='bbox 538 3452 722 3538; x_wconf 84' lang='lat' dir='ltr'><strong>ingeldinc,⁸</strong></span> <span class='ocrx_word' id='word_1_165' title='bbox 736 3458 770 3517; x_wconf 88' lang='lat' dir='ltr'><strong>et</strong></span> <span class='ocrx_word' id='word_1_166' title='bbox 784 3474 857 3536; x_wconf 83' lang='lat' dir='ltr'><strong>rege</strong></span> <span class='ocrx_word' id='word_1_167' title='bbox 871 3452 982 3516; x_wconf 85' lang='lat' dir='ltr'><strong>itidem</strong></span> <span class='ocrx_word' id='word_1_168' title='bbox 996 3451 1187 3515; x_wconf 81' lang='lat' dir='ltr'><strong>Marciorum</strong></span> <span class='ocrx_word' id='word_1_169' title='bbox 1201 3451 1353 3517; x_wconf 87' lang='lat' dir='ltr'><strong>Bernulfo</strong></span> 
     </span>
    </p>
   </div>
   <div class='ocr_carea' id='block_1_6' title="bbox 345 3561 1351 4200">
    <p class='ocr_par' dir='ltr' id='par_1_6' title="bbox 345 3561 1351 4200">
     <span class='ocr_line' id='line_1_26' title="bbox 350 3561 1351 3653; baseline -0.006 -20"><span class='ocrx_word' id='word_1_170' title='bbox 350 3567 551 3653; x_wconf 85' lang='lat' dir='ltr'><strong>postmodnm</strong></span> <span class='ocrx_word' id='word_1_171' title='bbox 563 3563 724 3649; x_wconf 90' lang='lat' dir='ltr'><strong>ampliata,</strong></span> <span class='ocrx_word' id='word_1_172' title='bbox 741 3562 826 3628; x_wconf 93' lang='lat' dir='ltr'><strong>omni</strong></span> <span class='ocrx_word' id='word_1_173' title='bbox 842 3562 937 3627; x_wconf 88' lang='lat' dir='ltr'><strong>etiam</strong></span> <span class='ocrx_word' id='word_1_174' title='bbox 948 3567 1042 3626; x_wconf 85' lang='lat' dir='ltr'><strong>aetate</strong></span> <span class='ocrx_word' id='word_1_175' title='bbox 1051 3567 1160 3626; x_wconf 84' lang='lat' dir='ltr'><strong>nostra</strong></span> <span class='ocrx_word' id='word_1_176' title='bbox 1172 3561 1216 3625; x_wconf 90' lang='lat' dir='ltr'><strong>sic</strong></span> <span class='ocrx_word' id='word_1_177' title='bbox 1227 3561 1351 3627; x_wconf 87' lang='lat' dir='ltr'><strong>easdem</strong></span> 
     </span>
     <span class='ocr_line' id='line_1_27' title="bbox 348 3671 1350 3760; baseline -0.008 -16"><span class='ocrx_word' id='word_1_178' title='bbox 348 3677 497 3744; x_wconf 89' lang='lat' dir='ltr'><strong>continua</strong></span> <span class='ocrx_word' id='word_1_179' title='bbox 523 3675 671 3760; x_wconf 86' lang='lat' dir='ltr'><strong>possedit,</strong></span> <span class='ocrx_word' id='word_1_180' title='bbox 700 3673 783 3758; x_wconf 91' lang='lat' dir='ltr'><strong>quod</strong></span> <span class='ocrx_word' id='word_1_181' title='bbox 814 3694 978 3756; x_wconf 89' lang='lat' dir='ltr'><strong>nunquam</strong></span> <span class='ocrx_word' id='word_1_182' title='bbox 1007 3671 1051 3736; x_wconf 89' lang='lat' dir='ltr'><strong>eis</strong></span> <span class='ocrx_word' id='word_1_183' title='bbox 1081 3671 1121 3735; x_wconf 86' lang='lat' dir='ltr'><strong>ad</strong></span> <span class='ocrx_word' id='word_1_184' title='bbox 1152 3678 1350 3736; x_wconf 87' lang='lat' dir='ltr'><strong>momentum</strong></span> 
     </span>
     <span class='ocr_line' id='line_1_28' title="bbox 347 3781 1351 3867; baseline -0.007 -14"><span class='ocrx_word' id='word_1_185' title='bbox 347 3789 503 3854; x_wconf 87' lang='lat' dir='ltr'><strong>destituta</strong></span> <span class='ocrx_word' id='word_1_186' title='bbox 524 3786 607 3851; x_wconf 72' lang='lat' dir='ltr'><strong>fuit.⁴</strong></span> <span class='ocrx_word' id='word_1_187' title='bbox 653 3783 761 3848; x_wconf 90' lang='lat' dir='ltr'><strong>Habet</strong></span> <span class='ocrx_word' id='word_1_188' title='bbox 787 3781 970 3867; x_wconf 90' lang='lat' dir='ltr'><strong>hujusmodi</strong></span> <span class='ocrx_word' id='word_1_189' title='bbox 993 3781 1201 3847; x_wconf 81' lang='lat' dir='ltr'><strong>Gloucestriae</strong></span> <span class='ocrx_word' id='word_1_190' title='bbox 1224 3782 1351 3847; x_wconf 90' lang='lat' dir='ltr'><strong>ecclesia</strong></span> 
     </span>
     <span class='ocr_line' id='line_1_29' title="bbox 346 3892 1349 3982; baseline -0.008 -18"><span class='ocrx_word' id='word_1_191' title='bbox 346 3901 482 3966; x_wconf 90' lang='lat' dir='ltr'><strong>rationes</strong></span> <span class='ocrx_word' id='word_1_192' title='bbox 497 3896 611 3982; x_wconf 90' lang='lat' dir='ltr'><strong>quibus</strong></span> <span class='ocrx_word' id='word_1_193' title='bbox 625 3893 845 3980; x_wconf 84' lang='lat' dir='ltr'><strong>praedictarum</strong></span> <span class='ocrx_word' id='word_1_194' title='bbox 861 3907 1014 3956; x_wconf 85' lang='lat' dir='ltr'><strong>terrarum</strong></span> <span class='ocrx_word' id='word_1_195' title='bbox 1031 3897 1099 3956; x_wconf 84' lang='lat' dir='ltr'><strong>tam</strong></span> <span class='ocrx_word' id='word_1_196' title='bbox 1122 3892 1349 3976; x_wconf 85' lang='lat' dir='ltr'><strong>possessionem</strong></span> 
     </span>
     <span class='ocr_line' id='line_1_30' title="bbox 346 4001 1348 4096; baseline -0.006 -21"><span class='ocrx_word' id='word_1_197' title='bbox 346 4033 441 4096; x_wconf 91' lang='lat' dir='ltr'><strong>quam</strong></span> <span class='ocrx_word' id='word_1_198' title='bbox 456 4009 616 4092; x_wconf 86' lang='lat' dir='ltr'><strong>integrum</strong></span> <span class='ocrx_word' id='word_1_199' title='bbox 632 4005 692 4070; x_wconf 91' lang='lat' dir='ltr'><strong>sibi</strong></span> <span class='ocrx_word' id='word_1_200' title='bbox 711 4005 764 4089; x_wconf 91' lang='lat' dir='ltr'><strong>jus</strong></span> <span class='ocrx_word' id='word_1_201' title='bbox 788 4026 880 4068; x_wconf 87' lang='lat' dir='ltr'><strong>anum</strong></span> <span class='ocrx_word' id='word_1_202' title='bbox 904 4001 1077 4068; x_wconf 89' lang='lat' dir='ltr'><strong>conservari</strong></span> <span class='ocrx_word' id='word_1_203' title='bbox 1099 4025 1189 4087; x_wconf 85' lang='lat' dir='ltr'><strong>posse</strong></span> <span class='ocrx_word' id='word_1_204' title='bbox 1209 4003 1348 4083; x_wconf 89' lang='lat' dir='ltr'><strong>confidit,</strong></span> 
     </span>
     <span class='ocr_line' id='line_1_31' title="bbox 345 4113 1347 4200; baseline -0.009 -14"><span class='ocrx_word' id='word_1_205' title='bbox 345 4121 372 4186; x_wconf 85' lang='lat' dir='ltr'><strong>si</strong></span> <span class='ocrx_word' id='word_1_206' title='bbox 397 4120 425 4186; x_wconf 92' lang='lat' dir='ltr'><strong>ei</strong></span> <span class='ocrx_word' id='word_1_207' title='bbox 447 4117 643 4185; x_wconf 91' lang='lat' dir='ltr'><strong>solummodo</strong></span> <span class='ocrx_word' id='word_1_208' title='bbox 668 4113 835 4200; x_wconf 85' lang='lat' dir='ltr'><strong>patrocinii</strong></span> <span class='ocrx_word' id='word_1_209' title='bbox 857 4119 963 4180; x_wconf 86' lang='lat' dir='ltr'><strong>vestra</strong></span> <span class='ocrx_word' id='word_1_210' title='bbox 986 4113 1090 4198; x_wconf 80' lang='lat' dir='ltr'><strong>gratia</strong></span> <span class='ocrx_word' id='word_1_211' title='bbox 1114 4135 1179 4178; x_wconf 92' lang='lat' dir='ltr'><strong>non</strong></span> <span class='ocrx_word' id='word_1_212' title='bbox 1203 4113 1347 4194; x_wconf 87' lang='lat' dir='ltr'><strong>defuerit,</strong></span> 
     </span>
    </p>
   </div>
   <div class='ocr_carea' id='block_1_7' title="bbox 342 4245 1346 4466">
    <p class='ocr_par' dir='ltr' id='par_1_7' title="bbox 342 4245 1346 4466">
     <span class='ocr_line' id='line_1_32' title="bbox 379 4245 1317 4309; baseline -0.009 -10"><span class='ocrx_word' id='word_1_213' title='bbox 379 4251 387 4282; x_wconf 84' lang='lat'><em>¹</em></span> <span class='ocrx_word' id='word_1_214' title='bbox 406 4251 457 4299; x_wconf 78' lang='lat' dir='ltr'><strong>Sic.</strong></span> <span class='ocrx_word' id='word_1_215' title='bbox 573 4247 586 4282; x_wconf 60' lang='grc' dir='ltr'>ἲ</span> <span class='ocrx_word' id='word_1_216' title='bbox 602 4247 764 4298; x_wconf 78' lang='lat' dir='ltr'><strong>wicciorum.</strong></span> <span class='ocrx_word' id='word_1_217' title='bbox 888 4245 900 4280; x_wconf 84' lang='lat'>⁸</span> <span class='ocrx_word' id='word_1_218' title='bbox 916 4245 1048 4309; x_wconf 81' lang='lat' dir='ltr'><strong>Probably</strong></span> <span class='ocrx_word' id='word_1_219' title='bbox 1059 4245 1099 4294; x_wconf 83' lang='lat' dir='ltr'><strong>l&#39;or</strong></span> <span class='ocrx_word' id='word_1_220' title='bbox 1110 4246 1127 4272; x_wconf 84' lang='lat'><strong>‘¹</strong></span> <span class='ocrx_word' id='word_1_221' title='bbox 1134 4245 1159 4293; x_wconf 92' lang='lat' dir='ltr'><strong>in</strong></span> <span class='ocrx_word' id='word_1_222' title='bbox 1170 4245 1317 4308; x_wconf 81' lang='lat' dir='ltr'><strong>geldinge.”</strong></span> 
     </span>
     <span class='ocr_line' id='line_1_33' title="bbox 376 4321 1346 4388; baseline -0.004 -14"><span class='ocrx_word' id='word_1_223' title='bbox 376 4327 458 4374; x_wconf 79' lang='lat' dir='ltr'><strong>⁴&#39;l&#39;he</strong></span> <span class='ocrx_word' id='word_1_224' title='bbox 477 4325 608 4388; x_wconf 78' lang='lat' dir='ltr'><strong>litigation</strong></span> <span class='ocrx_word' id='word_1_225' title='bbox 626 4327 707 4387; x_wconf 80' lang='lat' dir='ltr'><strong>temp.</strong></span> <span class='ocrx_word' id='word_1_226' title='bbox 718 4323 832 4373; x_wconf 80' lang='lat' dir='ltr'><strong>william</strong></span> <span class='ocrx_word' id='word_1_227' title='bbox 849 4323 872 4372; x_wconf 92' lang='grc' dir='ltr'><strong>Ι.</strong></span> <span class='ocrx_word' id='word_1_228' title='bbox 889 4322 976 4372; x_wconf 83' lang='lat' dir='ltr'><strong>shows</strong></span> <span class='ocrx_word' id='word_1_229' title='bbox 995 4322 1056 4371; x_wconf 83' lang='lat' dir='ltr'><strong>that</strong></span> <span class='ocrx_word' id='word_1_230' title='bbox 1074 4321 1128 4372; x_wconf 89' lang='lat' dir='ltr'><strong>this</strong></span> <span class='ocrx_word' id='word_1_231' title='bbox 1138 4335 1193 4372; x_wconf 83' lang='lat' dir='ltr'><strong>was</strong></span> <span class='ocrx_word' id='word_1_232' title='bbox 1211 4323 1258 4372; x_wconf 85' lang='lat' dir='ltr'><strong>not</strong></span> <span class='ocrx_word' id='word_1_233' title='bbox 1278 4324 1346 4370; x_wconf 88' lang='lat' dir='ltr'><strong>true.</strong></span> 
     </span>
     <span class='ocr_line' id='line_1_34' title="bbox 342 4403 506 4466; baseline -0.03 -9"><span class='ocrx_word' id='word_1_234' title='bbox 342 4406 416 4465; x_wconf 79' lang='lat' dir='ltr'><strong>Ante,</strong></span> <span class='ocrx_word' id='word_1_235' title='bbox 429 4419 454 4466; x_wconf 87' lang='lat' dir='ltr'><strong>p.</strong></span> <span class='ocrx_word' id='word_1_236' title='bbox 467 4403 506 4452; x_wconf 81' lang='lat'><strong>29.</strong></span> 
     </span>
    </p>
   </div>
   <div class='ocr_carea' id='block_1_8' title="bbox 0 0 1648 5150">
    <p class='ocr_par' dir='ltr' id='par_1_8' title="bbox 0 0 1648 5150">
     <span class='ocr_line' id='line_1_35' title="bbox 0 0 1648 5150; baseline 0 7"><span class='ocrx_word' id='word_1_237' title='bbox 0 0 1648 5150; x_wconf 95' lang='lat' dir='ltr'><strong> </strong></span> 
     </span>
    </p>
   </div>
  </div>
 </body>
</html>
