3286 5142
366 635 427 698 108
614 653 748 698 amorra
770 651 1120 699 auom-uouaanmm.

474 831 603 912 [Aenon
619 831 723 894 Huon
742 852 771 896 o.
787 831 968 896 Manassae
981 833 1096 896 Anam.
1143 831 1265 915 111ί).]Ι

364 966 432 1032 [Tho
442 967 529 1032 kingsts
540 967 599 1016 writ
609 967 764 1030 confirming
775 981 792 1016 a
804 967 944 1031 judgment
961 967 992 1016 of
1004 967 1051 1017 tho
1065 967 1184 1031 plaintifl'
1199 967 1242 1017 for
1261 967 1307 1018 the
1324 982 1367 1017 re·

677 1060 772 1109 covary
783 1046 814 1095 of
826 1046 927 1095 certain
938 1044 1037 1111 landa]

365 1160 548 1239 Hartmcus,
581 1182 636 1225 rex
677 1159 870 1244 Anglorum,
911 1159 1161 1246 archiepiscopis,
1201 1160 1366 1245 episcopis,

362 1271 541 1350 comitibus,
556 1270 805 1350 vicecomitibus,
818 1271 1000 1352 baronibus,
1009 1276 1042 1336 et
1058 1270 1205 1336 omnibus
1220 1270 1365 1337 fidelibus

362 1383 437 1461 suis,
453 1381 657 1467 Francigenis
680 1387 714 1446 et
737 1381 943 1466 Angligenis,
958 1381 1103 1448 salutem.
1151 1381 1266 1447 Sciatis
1281 1382 1365 1466 quod

364 1493 463 1578 Hugo
477 1493 575 1560 abbas
592 1494 702 1557 Sancti
716 1492 896 1578 Augustini
912 1492 1093 1557 Cantuariae
1109 1492 1314 1558 dirationavit
1328 1492 1363 1556 in

361 1605 447 1668 curia
479 1626 549 1668 mea
575 1609 674 1669 terras
699 1627 771 1668 suas
797 1603 835 1668 dc
861 1603 978 1688 Ripple
1004 1609 1038 1669 et
1062 1604 1265 1688 Langedone,
1289 1627 1363 1668 cum

362 1715 510 1781 omnibus
534 1714 596 1779 illis
624 1714 856 1799 pcrtinentibus
882 1720 992 1779 contra
1016 1716 1236 1780 Manasserum
1260 1715 1361 1780 Arsic.

362 1828 407 1891 Et
421 1825 491 1891 volo
514 1833 547 1891 et
570 1826 705 1890 concedo
728 1831 760 1890 et
784 1825 916 1890 firmiter
938 1825 1095 1910 praecipio,
1109 1831 1147 1890 ut
1170 1850 1189 1891 a
1214 1826 1306 1890 modo
1328 1826 1362 1889 in

361 1942 548 2022 perpetuum
572 1937 606 2001 in
631 1936 770 2000 dominio
793 1937 927 2001 ecclesiae
950 1961 1002 2002 aaa
1028 1943 1144 2016 teneat,
1159 1938 1205 2003 ita
1227 1937 1306 2002 benc
1329 1942 1362 2002 et

361 2048 530 2114 honorifice
554 2047 636 2113 sicut
662 2047 728 2132 ipso
746 2048 842 2113 abbas
859 2048 957 2132 Hugo
972 2047 1086 2113 melius
1101 2054 1134 2114 et
1148 2048 1362 2114 honorabilius

362 2165 395 2224 ct
409 2159 548 2246 quietius
570 2163 659 2223 tenet
682 2181 754 2222 suas
776 2157 853 2221 alias
876 2156 1048 2223 dominicas
1062 2163 1171 2224 terras.
1215 2157 1361 2224 'Postibus

361 2270 504 2355 episcopo
515 2268 697 2348 Lincolniae,
709 2275 741 2333 et
752 2268 867 2333 comite
877 2267 915 2332 dc
925 2268 1027 2349 Meu,
1042 2268 1127 2353 apud
1143 2269 1361 2334 windesoram

361 2381 395 2445 in
418 2380 613 2459 Pentecoste,
635 2379 670 2444 in
700 2402 785 2445 anno
821 2402 885 2464 quo
921 2402 977 2445 rex
1011 2378 1099 2445 dedit
1135 2379 1235 2446 filiam
1271 2402 1361 2445 suam

362 2491 556 2576 imperatori.
603 2491 673 2556 Hoc
688 2491 914 2556 dirationatum
931 2490 994 2555 fuit
1008 2491 1090 2576 apud
1108 2491 1303 2558 Londonicm
1326 2491 1361 2554 in

364 2603 607 2686 Rogationibus.

620 3227 746 3310 [Annon
761 3226 930 3291 Fammus.
976 3227 1085 3310 1111.]

363 3387 430 3456 [Tne
441 3389 526 3449 hino's
538 3389 599 3438 writ
616 3389 644 3437 in
662 3388 754 3437 favour
770 3386 801 3436 or*
812 3387 859 3436 tho
876 3387 957 3437 abbot
976 3386 1132 3449 conoorning
1151 3401 1168 3436 a
1178 3386 1239 3436 bido
1249 3386 1280 3436 of
1291 3387 1362 3446 land,

424 3469 510 3517 which
522 3467 636 3517 Faritius
647 3467 670 3516 is
681 3471 710 3515 to
721 3466 782 3515 hold
792 3466 820 3515 in
831 3480 910 3528 peace
920 3487 927 3526 ς
944 3465 996 3514 and
1008 3465 1030 3513 if
1040 3465 1165 3514 dissciecd
1176 3465 1284 3524 thomos,
1297 3467 1329 3515 he
1339 3467 1361 3515 is

424 3549 453 3595 to
464 3546 530 3596 heve
541 3545 688 3608 possession
699 3544 783 3607 again,
795 3558 825 3592 ae
838 3543 895 3593 wall
906 3557 937 3592 aa
947 3543 978 3592 os
990 3542 1120 3606 anything
1130 3543 1210 3592 miron
1221 3542 1317 3608 awap]

362 3674 545 3751 Hammona,
579 3694 635 3735 rex
659 3669 797 3754 Angliae,
821 3671 861 3735 R.
887 3668 1067 3733 vicecomiti
1092 3668 1130 3733 de
1154 3666 1363 3748 Oxeneforda,

359 3790 392 3848 et
408 3783 543 3849 Rainero
569 3782 607 3846 de
621 3781 737 3860 Batba,
753 3780 898 3846 salutem.
942 3779 1095 3864 Praeoipio
1114 3780 1202 3865 quod
1223 3781 1362 3846 Faritius

359 3893 455 3958 abbas
469 3893 667 3959 Abbandone
680 3891 727 3957 ita
739 3891 819 3956 bene
834 3897 866 3956 et
881 3891 985 3976 quiete
1009 3896 1115 3956 teneat
1136 3890 1245 3954 hidam
1271 3896 1361 3955 terrae

359 4004 397 4069 de
432 4005 576 4082 Fencote,
600 4026 696 4089 quam
733 4003 838 4068 tonuit
870 4002 909 4067 de
945 4002 1082 4067 Adelina
1110 4002 1149 4067 de
1181 4001 1261 4080 Iuri,
1287 4023 1361 4066 oum

358 4115 504 4179 omnibus
527 4116 619 4181 rebus
645 4137 714 4199 quae
739 4114 780 4178 ad
805 4136 874 4179 eam
898 4113 1070 4199 pertinent,
1086 4113 1170 4178 sicut
1193 4111 1306 4177 melius
1329 4118 1361 4175 et

592 4299 600 4332 ¹
620 4300 690 4348 Hist.
703 4301 773 4349 Mon.
787 4300 825 4350 St.
838 4302 906 4363 Aug.
919 4301 967 4349 ³62
980 4301 1053 4362 (Rcc.
1068 4298 1163 4364 Com).

588 4377 599 4410 ¹
615 4380 630 4425 2
644 4377 714 4426 Eiet.
727 4379 797 4426 Mon.
808 4377 920 4442 Abingd.
932 4378 964 4431 73
978 4380 1049 4438 (Rec.
1062 4376 1155 4442 Com).
