3286 5150
668 659 779 704 nuum
802 661 840 706 11.
1191 646 1254 708 215

247 809 281 874 in
296 809 382 876 curia
405 831 475 875 mea
497 813 653 876 recusate
696 814 741 877 Et
764 817 914 878 exeuntes
937 812 1158 897 judicaverunt
1181 838 1254 880 eum

247 920 317 1006 capi
331 921 466 1006 dignum
480 926 513 986 et
528 921 561 986 in
577 945 728 988 carcerem
743 922 840 988 mitti.

290 1033 378 1096 'l'uno
406 1033 496 1098 misit
523 1056 579 1098 rex
606 1033 819 1119 Reginnldum
849 1033 997 1100 comitem
1022 1034 1188 1101 Comubiae
1219 1041 1252 1101 et

248 1143 425 1209 Robertum
434 1145 581 1210 comitem
592 1145 769 1210 Leioestriae
779 1146 1030 1212 adiudicandum
1042 1147 1089 1211 illi
1095 1147 1251 1232 judicium

245 1255 284 1319 de
299 1254 353 1319 illo
368 1257 497 1322 factum.
543 1255 608 1323 Qui
623 1257 771 1323 dixerunt
782 1257 822 1336 ei,
835 1258 947 1323 “Audi
958 1258 1113 1342 judicium
1124 1261 1251 1325 tuum.”

248 1347 372 1432 Quibus
396 1367 642 1452 archiepiscopus
678 1369 857 1454 respondit:
892 1369 1075 1435 “Prohibeo
1100 1371 1189 1436 vobis
1213 1394 1252 1436 ex

246 1483 334 1560 parte
352 1477 589 1562 Omnipotentis
603 1477 675 1558 Dei,
691 1484 725 1545 et
748 1478 808 1544 sub
833 1479 1047 1560 anathemate,
1064 1503 1104 1545 ne
1128 1479 1251 1546 faciatis

246 1586 337 1653 bodie
351 1586 389 1652 de
405 1610 456 1654 me
466 1587 632 1675 judicium,
644 1587 698 1674 qui
707 1589 911 1674 appellaviad
922 1590 1120 1676 praesentiam
1131 1591 1251 1656 domini

246 1696 366 1780 papae.'’
411 1697 498 1761 Dum
514 1702 621 1762 autem
637 1698 778 1782 praedicti
793 1699 923 1764 comites
937 1700 1075 1765 redirent
1090 1700 1130 1766 ad
1144 1723 1250 1785 regem

246 1828 319 1870 cum
341 1829 488 1892 responso
513 1807 578 1888 illo,
605 1807 853 1894 archiepiscopus
876 1809 977 1875 exivit
999 1834 1019 1875 a
1043 1810 1193 1892 thalamo,
1218 1817 1251 1877 et

246 1917 448 2001 progrediens
477 1942 533 2003 per
562 1918 701 1984 medium
734 1918 860 1984 illorum
890 1920 980 1986 venit
1002 1920 1042 1984 ad
1063 1920 1249 2006 palefridum

246 2051 349 2105 suum,
364 2033 397 2093 et
412 2028 560 2109 ascendit,
571 2035 604 2094 et
619 2028 719 2094 exivit
733 2029 772 2094 ab
788 2029 869 2110 aula,
880 2030 1026 2096 omnibus
1041 2031 1250 2100 clamantibus

245 2145 317 2224 post
349 2162 432 2220 eum,
455 2148 488 2206 et
519 2141 706 2222 dicentibus,
728 2142 832 2208 “Quo
861 2141 1067 2228 progrederis,
1089 2143 1248 2229 proditor;

245 2257 375 2337 expecta
389 2257 422 2318 et
436 2253 510 2320 audi
523 2252 678 2337 judicium
692 2255 831 2320 tuum.”¹

498 2751 637 2832 [Brauon
661 2751 827 2817 Gonrnnr.
873 2752 1000 2835 1164.]¹

246 2885 315 2952 [The
325 2886 410 2951 king's
422 2888 481 2938 urit
492 2888 674 2951 commanding
684 2888 721 2936 all
731 2889 777 2938 the
793 2891 900 2938 tonante
916 2887 945 2936 of
960 2888 1006 2937 the
1017 2890 1102 2952 abbey
1113 2888 1143 2938 ol
1150 2888 1249 2952 Abing·

310 2964 361 3014 don
372 2965 444 3014 todo
455 2965 538 3030 fcalty
549 2965 600 3013 and
611 2966 709 3014 servios
719 2969 748 3014 to
759 2965 852 3027 bishop
864 2964 987 3028 Godfrey,
995 2969 1024 3014 to
1033 2964 1119 3015 whom
1131 2965 1176 3014 the
1184 2965 1249 3027 king
1319 3009 1323 3018 .

308 3042 358 3093 has
368 3043 521 3094 committed
532 3044 577 3094 the
589 3059 649 3094 care
660 3044 691 3093 of
698 3044 744 3093 the
755 3041 863 3108 abbey.]

247 3144 427 3226 Hsumcus
442 3168 497 3210 rex
511 3144 649 3230 Anglioe,
665 3150 697 3210 et
711 3145 776 3209 dux
786 3143 992 3209 Normanniae
1009 3148 1042 3209 et
1057 3143 1249 3228 Aquitanico,

246 3261 279 3320 et
293 3278 394 3321 comes
409 3256 614 3340 Andegariae,
629 3255 786 3336 omnibus,
800 3261 868 3320 tam
893 3254 1011 3321 clericis
1031 3277 1126 3341 quam
1151 3254 1249 3334 laicis,

246 3367 428 3432 tenentibus
442 3367 480 3431 de
500 3366 626 3431 abbatia
641 3365 896 3445 Abbsndonensi,
912 3365 1054 3430 salutem.
1101 3365 1249 3449 Praecipio

246 3475 330 3560 qnod
358 3476 532 3541 intendatis
561 3475 730 3540 Godefrido
761 3475 914 3560 episcopo,
945 3474 996 3539 cui
1032 3474 1250 3540 commendavi

246 3586 404 3650 abbatiam
424 3587 463 3650 de
488 3585 695 3664 Abbendona,
720 3589 872 3669 tanquam
893 3585 1011 3662 abbati,
1038 3585 1078 3650 de
1104 3583 1249 3648 omnibus

246 3719 314 3781 quoe
329 3695 489 3782 pertinent
505 3697 545 3760 ad
559 3695 660 3780 ipsam
670 3693 841 3775 abbatiam,
850 3698 883 3759 et
892 3693 1015 3758 faciatis
1025 3694 1054 3759 ei
1063 3693 1248 3758 fidelitatem

246 3814 279 3873 et
303 3807 441 3887 servitia,
455 3807 502 3872 ita
525 3806 662 3893 plenarie
684 3811 717 3871 et
740 3805 864 3888 integre
886 3804 968 3869 sicut
985 3805 1083 3869 faeere
1102 3803 1249 3869 solebatis

246 3917 518 4004 predecessoribus
527 3915 1249 4000 suis,etnisifeceritis,vicecomitesinquorum

245 4029 360 4095 bailliis
369 4030 454 4111 estis,
466 4051 521 4095 vos
530 4027 706 4114 justicisnt,
717 4030 814 4094 donec
823 4026 955 4092 faciatis.
998 4027 1091 4092 Teste
1103 4028 1125 4090 J
1126 4027 1249 4091 ohanne

247 4142 363 4208 decano
381 4139 623 4219 Seresberiensi3
646 4139 730 4224 apud
745 4139 957 4205 Wdestocam.

343 4290 353 4323 ¹
368 4292 423 4341 The
435 4291 588 4353 archbisbop
600 4290 664 4341 then
674 4289 764 4340 makes
775 4289 817 4338 his
827 4303 919 4351 escape
931 4288 995 4336 from
1008 4288 1053 4336 the
1064 4287 1126 4338 hall.

370 4373 385 4418 2
399 4371 467 4420 Hist.
480 4371 548 4420 Mon.
561 4369 672 4433 Abingd.
684 4370 734 4418 234
748 4367 821 4432 (lieo.
833 4368 922 4430 Com).
