3280 5132
339 619 380 678 24
584 636 713 679 amorra
739 634 1089 680 succo-uonuanrncu.

339 786 577 852 vicecomitibus
592 788 625 850 in
642 810 776 873 quorum
795 787 1066 852 vicecomitatibus
1081 787 1209 852 abbatia
1222 786 1261 851 de
1278 785 1316 850 El
1319 811 1341 870 y

340 905 439 962 terras
464 899 561 963 habet
597 899 744 965 salutem.
801 897 951 982 Praecipio
984 909 1022 962 ut
1058 898 1186 963 abbatia
1225 897 1340 963 habeat

338 1031 446 1073 omnes
461 1009 701 1074 consuetudines
715 1031 787 1073 suas
802 1009 921 1073 scilicet
937 1008 1062 1072 sacham
1078 1013 1111 1071 et
1130 1008 1266 1087 socham,
1283 1008 1338 1071 toll

338 1124 371 1183 et
396 1125 492 1198 team,
518 1124 551 1184 et
576 1119 849 1204 infanganetheof,
875 1119 1046 1184 hamsocna
1074 1124 1108 1184 et
1132 1118 1339 1203 grithbriche‚

338 1229 474 1295 fihtwite
489 1234 522 1295 et
537 1230 678 1295 ferdwite
692 1231 775 1294 infra
788 1231 927 1314 burgum
942 1235 976 1294 et
990 1237 1091 1310 extra,
1100 1235 1133 1294 et
1144 1250 1251 1293 omnes
1263 1228 1340 1293 alias

338 1340 550 1406 forisfacturas
574 1364 642 1426 quae
668 1341 878 1407 emendabiles
906 1339 1037 1405 suntin
1062 1345 1146 1405 terra
1169 1363 1225 1404 sua
1247 1363 1341 1424 super

338 1475 410 1518 suos
424 1453 577 1517 homines.
624 1453 693 1517 Has
708 1452 742 1515 in
762 1455 873 1538 quam¹
899 1452 1016 1516 habeat
1041 1451 1125 1516 sicut
1150 1451 1264 1516 habuit
1288 1451 1340 1516 die

337 1586 402 1648 qua
423 1587 476 1629 rex
492 1562 743 1644 Edwardusfuit
764 1563 856 1627 vivus
879 1567 913 1627 et
937 1567 1081 1626 mortuus
1105 1566 1138 1625 et
1161 1560 1244 1625 sicut
1270 1583 1340 1625 mea

333 1673 475 1757 jussione
509 1674 706 1737 dirationatae
732 1677 809 1736 sunt
834 1671 918 1756 apud
942 1670 1129 1735 Ceneteford
1153 1693 1208 1755 per
1233 1671 1339 1755 pluras

337 1807 442 1870 scyros
457 1789 530 1849 ante
547 1807 632 1849 meos
645 1784 787 1862 barones,
804 1781 948 1847 videlicet
968 1782 1157 1846 Gaufridum
1182 1783 1339 1846 Constan-

337 1896 472 1961 eiensem
489 1895 666 1980 episcopum
683 1901 716 1959 et
732 1893 948 1959 Baldewinum
975 1893 1169 1957 abbatemet
1191 1893 1338 1957 abbatem

337 2005 432 2070 AEilsi
454 2011 486 2070 et
508 2005 701 2069 Wlwoldum
718 2004 872 2068 abbatem
895 2009 927 2068 et
951 2004 1083 2068 Ivouem
1107 2002 1284 2081 Taillebois,
1306 2011 1339 2067 et

337 2119 467 2182 Petrum
482 2115 521 2182 de
535 2116 703 2195 valloniis,
719 2120 753 2180 et
769 2115 914 2180 Picotum
937 2114 1152 2179 vicecomitem
1167 2119 1200 2179 et
1215 2114 1338 2180 'I'ielum

336 2229 375 2293 de
397 2228 515 2293 Helvin
541 2233 574 2292 et
599 2227 770 2311 Hugonem
798 2225 836 2302 de
862 2224 1017 2310 Hosdcng
1039 2232 1072 2288 et
1095 2225 1283 2290 Gocelinum
1300 2225 1338 2290 de

336 2339 466 2404 Norwic
481 2344 514 2404 et
529 2339 633 2422 plures
648 2337 725 2402 alios
740 2344 821 2402 teste
833 2338 959 2420 Rogero
970 2336 1079 2418 Bigot.

371 2520 427 2587 [An
445 2522 596 2585 inquisition
615 2519 639 2569 is
659 2535 717 2568 now
737 2518 853 2568 directed
873 2517 909 2580 by
929 2517 975 2566 the
994 2517 1059 2580 king
1077 2517 1104 2565 in
1124 2517 1217 2580 rsgard
1236 2521 1265 2566 to
1283 2533 1337 2567 cer-

335 2601 391 2648 tain
402 2601 477 2649 landa
488 2599 547 2648 held
559 2600 594 2662 by
606 2598 694 2646 others
705 2598 753 2646 bnt
764 2597 875 2646 claimed
886 2598 922 2659 by
931 2597 976 2644 tho
986 2595 1092 2655 ohnroh,
1100 2610 1129 2644 as
1138 2596 1183 2644 the
1192 2596 1251 2644 title
1263 2598 1337 2644 stood

336 2677 409 2726 when
423 2677 532 2725 ndwmn
544 2676 590 2724 the
606 2675 746 2724 confessor
756 2675 823 2734 died,
835 2674 901 2722 with
919 2673 1007 2722 orders
1027 2673 1086 2722 that
1103 2673 1167 2722 such
1178 2688 1208 2722 as
1219 2673 1283 2722 then
1293 2674 1337 2722 ba·

337 2754 430 2816 longod
442 2759 470 2803 to
482 2754 526 2802 the
537 2754 634 2802 ohurch
647 2753 740 2801 should
751 2768 809 2801 now
821 2754 854 2801 be
865 2749 1005 2815 restored]

381 2984 576 3050 Willelmns²
597 3007 652 3048 rex
676 2983 866 3067 Anglorum,
891 2982 1071 3047 Lanfranco
1098 2981 1339 3067 archiepiscopo,

337 3104 370 3162 et
392 3097 517 3180 Rogero
539 3094 647 3158 comiti
671 3093 850 3173 Moritonii,
866 3102 899 3158 et
921 3093 1084 3158 Gauffrido
1101 3095 1338 3159 Constantiensi

336 3207 481 3292 episcopo
507 3204 652 3272 salutem.
699 3205 820 3269 Mando
842 3205 932 3270 vobis
954 3211 987 3270 et
1008 3205 1154 3290 praecipio
1170 3207 1338 3272 utiterum

336 3317 461 3386 faciatis
477 3316 662 3400 congregari
678 3338 786 3382 omnes
801 3339 907 3402 scyrus
918 3340 988 3402 quae
1000 3316 1213 3382 interfuerunt
1222 3318 1337 3403 placito

336 3429 446 3493 habito
461 3428 499 3492 de
513 3427 607 3491 terris
621 3427 758 3492 ecclesiae
780 3427 818 3492 de
839 3428 925 3506 Heli,
941 3435 1112 3512 antequam
1132 3451 1202 3494 mea
1223 3431 1338 3514 conjux

337 3541 370 3604 in
392 3537 622 3604 Normanniam
638 3536 806 3602 novissime
821 3537 953 3604 veniret.
999 3539 1081 3603 Cum
1103 3539 1218 3624 quibus
1241 3541 1338 3606 etiam

336 3650 403 3716 sint
417 3649 455 3713 de
477 3647 647 3712 baronibus
665 3647 744 3712 meis
759 3647 815 3737 qui
829 3654 1043 3732 competenter
1057 3649 1163 3716 adesse
1178 3658 1338 3735 poterunt,

336 3768 369 3828 et
397 3759 545 3852 praedicto
567 3757 684 3848 placito
705 3759 928 3837 interfuerunt,
943 3766 977 3824 et
998 3760 1055 3844 qui
1077 3765 1176 3830 terras
1198 3762 1338 3850 ejusdcm

336 3872 470 3938 ecclesia
500 3877 622 3935 tenent.
678 3871 803 3936 Quibus
834 3870 868 3934 in
902 3893 1003 3935 unum
1035 3873 1250 3956 congrega-tis,
1282 3875 1339 3939 eli.

336 3993 456 4068 gantur
477 3982 581 4064 plures
603 3981 641 4045 de
664 3981 738 4045 illis
750 3981 869 4066 Anglis
885 3981 939 4066 qui
959 3983 1065 4046 sciunt
1078 3982 1233 4066 quomodo
1248 3989 1338 4048 terrae

332 4092 482 4177 jacebant
495 4092 632 4174 praelatae
655 4091 791 4155 ecclesias
813 4092 863 4156 die
885 4114 950 4175 qua
972 4115 1026 4156 rex
1048 4091 1223 4162 Edwardus
1245 4094 1337 4177 obiit,

548 4277 554 4308 ¹
574 4277 702 4340 inquam?

547 4355 558 4388 ¹
578 4355 655 4404 Liber
668 4356 788 4415 Ellensis,
801 4357 850 4404 256
862 4355 939 4418 (Aug.
951 4355 1033 4404 Chris.
1047 4354 1125 4420 ὃσα).
