3286 5150
695 648 805 694 uuunr
827 648 866 694 11.
899 709 900 714 ἵ
1222 630 1284 693 203

282 799 459 881 turbentur,
469 824 560 887 super
572 802 613 868 X.
625 800 721 866 libras
730 800 945 866 forisfactum.
969 799 1284 867 TestibusWillelmo

283 912 321 977 de
345 913 430 996 Ipru,
455 912 616 978 Willelmo
642 912 680 977 de
704 910 822 991 caisu,
852 917 885 977 et
912 911 1046 977 Ricardo
1069 912 1107 977 de
1137 911 1228 992 Luci,
1252 917 1286 976 et

284 1021 418 1087 Ricardo
432 1023 471 1089 de
486 1021 653 1103 camuifla,
669 1023 753 1108 apud
768 1021 958 1088 oxeneford.

462 1597 653 1681 [Lrsnnrrns
674 1614 714 1661 or
736 1597 924 1660 Anrusnon.
971 1595 1054 1659 1158
1067 1593 1113 1679 P]¹

286 1731 353 1795 [The
364 1731 451 1796 king's
461 1734 522 1782 vrit
538 1732 689 1794 exempting
706 1732 750 1780 the
766 1731 864 1781 ohuroh
881 1734 911 1780 et
930 1729 1071 1794 Abingdon
1088 1730 1155 1780 hum
1172 1729 1286 1781 tollenti

595 1809 670 1858 other
680 1808 767 1864 dnties
778 1808 830 1856 end
843 1805 980 1871 eschom]

288 1933 471 2014 Hernicus,
486 1957 540 1998 rex
555 1933 691 2018 Angliae,
701 1940 733 1999 et
747 1934 814 1998 dux
829 1933 1034 1998 Normunniae
1048 1940 1081 1999 et
1095 1933 1287 2019 Aquitanis,

286 2050 319 2108 et
340 2066 442 2108 comes
465 2044 669 2127 Andegaviae,
687 2045 836 2129 justiciis,
855 2044 1101 2124 vicecomitibus,
1123 2045 1288 2125 ministris,

285 2160 318 2220 et
332 2153 478 2219 omnibus
492 2155 629 2220 baillivis
644 2155 708 2219 suis
722 2155 821 2221 totins
836 2156 963 2240 Angliae
973 2163 1007 2221 ct
1020 2163 1168 2240 portuum
1183 2156 1290 2236 meris,

286 2263 430 2329 salutem.
484 2266 633 2351 Praecipio
654 2267 738 2352 quod
760 2267 906 2331 monachi
928 2266 966 2331 de
988 2266 1198 2332 Abbendoniu
1223 2267 1289 2332 sint

285 2375 385 2461 quieti
410 2376 448 2442 de
472 2377 559 2441 omni
582 2376 737 2457 theloneo,
759 2378 799 2442 de
824 2377 980 2462 passagio,
1004 2377 1043 2443 de
1068 2377 1230 2462 pontegio,
1250 2379 1289 2444 de

285 2484 430 2570 lestagio,
445 2493 477 2551 ct
492 2486 530 2552 de
545 2487 691 2552 omnibus
706 2486 982 2552 consuetudinibus
1000 2510 1055 2572 per
1070 2509 1177 2552 omnes
1191 2493 1290 2552 terras

288 2619 372 2661 meus
387 2602 420 2662 et
433 2604 541 2681 portus
556 2597 661 2678 meris,
676 2597 714 2662 dc
730 2597 876 2663 omnibus
889 2596 981 2662 rebus
996 2621 1072 2683 quus
1086 2598 1229 2665 homines
1241 2597 1290 2662 sui

286 2713 435 2792 poterunt
450 2708 574 2774 affidare
595 2731 661 2774 esse
683 2732 754 2773 suas
776 2708 926 2793 proprias,
947 2708 1029 2774 sicut
1049 2715 1134 2774 certa
1158 2708 1289 2774 Henrici

287 2817 381 2902 regiS,
406 2818 458 2883 avi
483 2819 557 2899 mci,
574 2825 719 2886 testetur.
773 2821 819 2885 Et
841 2819 990 2905 prohibeo
1016 2820 1140 2905 nequis
1165 2843 1217 2884 eos
1238 2819 1289 2884 vel

286 2927 429 2994 homines
454 2953 561 2995 eorum
585 2930 752 3010 disturbet,
777 2951 870 3014 super
892 2931 934 2996 X.
956 2929 1051 2994 libras
1074 2928 1287 2996 forisfactura).

287 3039 432 3105 Testibus
462 3042 627 3128 Arnulpho
654 3041 846 3108 Luxoviensi
870 3041 1023 3128 episcopo,
1053 3040 1225 3106 Uuillelmo
1250 3042 1289 3107 de

287 3150 438 3231 Kcsneto,
454 3152 615 3218 Willelmo
632 3154 670 3218 de
687 3153 875 3239 Hastingis3
898 3153 980 3238 apud
997 3153 1245 3240 Rothomegum.

412 3685 497 3770 [Tun
521 3685 613 3751 Krnu
635 3708 662 3751 c.
680 3685 793 3750 Annon
815 3686 1013 3751 Wrnnnnrn.
1061 3688 1144 3751 1158
1156 3685 1202 3770 ’ΒΓ

290 3819 452 3886 [rhekings
463 3820 665 3884 writdirecting
676 3836 709 3870 un
720 3821 875 3883 inquisition
893 3837 923 3870 us
940 3825 969 3870 1ο
985 3821 1031 3871 the
1049 3821 1161 3870 number
1177 3820 1207 3869 of
1222 3820 1289 3882 hogs

353 3898 440 3948 which
452 3898 497 3948 the
512 3899 592 3948 ebbot
606 3898 636 3946 oi
644 3897 791 3962 Abingdon,
803 3901 883 3960 temp.
896 3899 988 3962 Hsnry
999 3899 1029 3957 1,
1041 3914 1096 3948 was
1107 3901 1179 3947 wont
1190 3901 1218 3946 to
1230 3897 1289 3946 ised

353 3975 381 4024 in
392 3976 438 4023 the
449 3975 535 4037 kings
546 3975 629 4024 forest
640 3979 668 4023 (11
682 3975 716 4022 Κ.
749 3975 804 4024 'l'he
815 3975 915 4040 finding
925 3977 949 4024 is
966 3975 1025 4025 thet
1036 3975 1082 4026 the
1094 3976 1174 4025 ebbot
1185 3975 1249 4024 used
1261 3977 1290 4022 1ο

354 4053 413 4102 foed
425 4053 499 4103 there
510 4053 584 4102 three
595 4051 737 4117 hundred]

290 4169 473 4246 Hermone,
488 4190 541 4231 rex
557 4165 694 4251 Angliae,
709 4171 742 4231 et
756 4167 821 4230 dux
832 4165 1036 4232 Normunniae
1051 4171 1084 4232 ct
1098 4164 1288 4252 Aquitaniae,

322 4353 331 4386 ¹
348 4356 365 4402 2
377 4353 447 4403 Hist.
460 4353 528 4402 Mon.
540 4351 652 4416 Abingd.
664 4353 711 4404 218
725 4351 798 4416 (Boc.
811 4353 903 4417 Com).
1050 4352 1061 4386 ²
1079 4351 1119 4401 Ib.
1130 4352 1186 4410 221,
1198 4351 1256 4400 225.
