3286 5150
740 657 850 702 unsar
874 661 908 704 rr
1237 643 1298 706 193

302 807 390 892 cujus
405 809 432 872 si
454 809 493 872 ad
508 808 655 874 meritum
670 807 821 872 sanctitas
836 816 940 875 vestra
954 809 1133 896 respexerit,
1148 813 1302 878 credimus

301 919 385 1002 quod
408 919 499 984 facile
526 943 545 984 a
568 919 658 985 vobis
683 941 773 1004 opem
799 941 894 1004 quam
924 920 1078 986 desiderat
1107 921 1299 1006 impetrabit.

302 1029 377 1112 Ipsa
391 1052 537 1114 namque,
553 1037 620 1095 tam
635 1030 807 1114 disciplinas
822 1032 972 1114 regularis
988 1032 1195 1114 observantia,
1205 1057 1301 1118 quam

302 1140 531 1207 sustentatione
553 1163 724 1227 pauperum
746 1139 960 1226 hospitalitate
982 1142 1143 1222 laudabili,
1158 1144 1300 1208 omnium

302 1271 335 1314 se
351 1249 502 1315 bonorum
524 1251 629 1316 favore
651 1249 783 1336 dignam
801 1274 921 1335 semper
940 1251 1095 1333 exhibuit,
1117 1259 1151 1318 et
1173 1252 1299 1318 univer-

302 1383 407 1424 sorum
436 1385 513 1446 quos
542 1362 662 1446 optimo
692 1385 754 1426 suae
783 1363 962 1429 sanctitatis
984 1363 1077 1428 odore
1102 1363 1242 1447 perfudit
1266 1363 1302 1428 in

300 1494 438 1536 amorem
454 1472 502 1536 sni
521 1472 642 1538 animos
660 1478 693 1538 et
713 1471 805 1538 corda
824 1473 989 1538 convertit.
1035 1475 1113 1538 Haeo
1135 1473 1208 1559 quia
1226 1496 1300 1539 vera

300 1581 426 1663 scimus,
456 1591 608 1669 tanquam
637 1607 709 1649 vera
738 1582 943 1649 testificamur
968 1591 1144 1670 opportuno
1169 1584 1237 1650 loco
1267 1589 1301 1649 61

299 1697 438 1778 tempore
460 1693 678 1758 testimonium
699 1699 842 1758 nostrum
857 1715 893 1758 eo
915 1715 977 1778 quo
992 1693 1190 1760 decreveritis
1205 1694 1299 1760 modo

233 1855 236 1860 .
301 1803 472 1886 probaturi.
530 1803 645 1869 Valeat
680 1803 715 1868 in
746 1810 897 1870 aeternum
933 1804 1084 1871 sanctitas
1121 1811 1225 1870 vestra
1266 1804 1299 1870 in

302 1912 429 1978 Christo
444 1912 555 1979 dilecte
570 1921 669 1999 pater.

343 2135 499 2220 Eugenio,
526 2136 587 2200 Dei
615 2136 720 2220 gratia
746 2137 878 2201 Summo
898 2135 1045 2200 Pontifici
1068 2134 1152 2221 patri
1182 2155 1238 2198 suo
1267 2137 1301 2198 et

300 2243 437 2324 domino,
463 2246 620 2310 Robertus
644 2247 740 2311 abbas
758 2246 970 2326 Alencestriae,
992 2247 1141 2312 devotum
1160 2244 1301 2310 animum

299 2363 333 2420 et
368 2357 408 2420 ad
441 2357 649 2422 obediendum
689 2357 816 2422 domino
853 2357 998 2442 patrique
1039 2356 1300 2442 pronitissimum.

303 2466 500 2532 Sublimitati
521 2475 642 2548 vestra,
665 2468 776 2533 dilecte
796 2474 896 2552 pater,
918 2475 1031 2532 notum
1053 2467 1195 2546 iacimus,
1218 2466 1301 2552 quod

301 2577 447 2642 omnibus
463 2579 685 2663 propemodum
694 2579 829 2644 ecclesiis
838 2579 872 2643 in
881 2578 1061 2663 episcopatu
1076 2575 1302 2664 Wygorniensi

301 2693 422 2752 certum
450 2711 517 2754 esse
539 2712 603 2754 non
628 2689 820 2769 dubitamus,
850 2689 941 2775 siqua
970 2712 1106 2774 namque
1135 2688 1212 2753 fides
1242 2711 1299 2752 an·

300 2798 443 2884 tiqnitati
458 2799 601 2864 habenda
614 2805 672 2880 est,
692 2799 781 2884 siqua
797 2799 938 2885 patribus
953 2799 1066 2884 quibus
1081 2799 1116 2862 in
1138 2796 1246 2863 ordine
1268 2804 1301 2864 61

301 2909 462 2994 religionis
483 2909 682 2976 institutione
704 2910 908 2976 successimus
929 2909 1106 2976 exhibenda
1119 2908 1301 2988 auctoritas,

300 3044 408 3087 eorum
434 3021 530 3087 etiam
554 3043 622 3106 quse
645 3021 685 3086 ob
712 3020 855 3086 veritatis
878 3021 1113 3086 attestationem
1136 3019 1169 3084 in
1186 3018 1301 3103 scripta

301 3132 426 3216 publica
449 3131 575 3197 redacta
599 3137 684 3211 sunt,
709 3131 735 3197 si
758 3131 914 3217 quomodo
944 3131 1007 3196 fida
1029 3130 1139 3196 relatio
1168 3131 1207 3196 de
1231 3132 1302 3215 jure

302 3240 546 3307 Gloeoestrensis
571 3241 705 3306 ecclesie
726 3241 760 3305 in
782 3241 872 3308 terris
897 3241 959 3305 hiis
986 3241 1143 3320 Stanedis,
1170 3241 1301 3320 Lecche,

302 3351 484 3430 Ottintona,
499 3350 641 3416 dubitare
656 3374 719 3415 non
735 3352 884 3416 convenit
897 3373 993 3436 quam
1008 3373 1027 3414 a
1040 3351 1151 3416 diebus
1162 3349 1302 3436 antiquis

300 3461 334 3524 in
359 3460 421 3524 hiis
443 3461 608 3525 firndatcm
633 3467 668 3525 et
690 3461 753 3525 hiis
778 3460 968 3526 Mereiorum
996 3482 1108 3543 regum
1133 3459 1301 3544 largitione

300 3570 455 3648 dotatam,
478 3570 671 3634 cronicorum
695 3570 866 3635 recordatio
892 3576 925 3635 et
949 3570 1205 3654 praedeeessorum
1229 3591 1300 3632 nos-

299 3687 421 3746 trorum
450 3681 613 3747 attestatio
638 3681 678 3744 ad
703 3704 761 3746 nos
784 3680 931 3745 devoluta
955 3679 1122 3745 convincit.
1169 3678 1301 3744 Cunctis

300 3791 416 3877 quippe
430 3791 540 3856 diebus
555 3791 672 3855 nostris
687 3791 958 3855 Gloucestrensem
969 3788 1128 3854 ecclesiam
1138 3789 1301 3873 predictas

300 3909 400 3967 terras
425 3900 572 3965 continue
595 3923 693 3986 usque
717 3899 810 3965 hodie
833 3901 1004 3984 possedisse
1033 3899 1248 3983 eognovimus,
1268 3907 1301 3965 61

301 4035 382 4091 eam,
396 4018 434 4076 ut
456 4011 657 4090 dictumest,
680 4010 719 4075 ab
741 4009 877 4075 exordiis
899 4010 964 4074 suis
985 4009 1020 4073 in
1040 4009 1102 4074 hiis
1124 4009 1301 4091 fundatam,

301 4121 427 4206 scriptis
449 4128 482 4186 et
504 4127 630 4206 patrum
652 4120 843 4186 testimoniis
866 4119 1099 4199 intelleximus3
1133 4126 1166 4185 et
1195 4143 1235 4184 ne
1265 4120 1299 4184 in

300 4233 466 4317 praesentia
501 4239 606 4297 vestra
641 4231 866 4298 obscuritatem
899 4231 1016 4296 veritas
1044 4230 1193 4315 patiatur,
1226 4232 1299 4295 sub·

300 4342 431 4408 limitati
447 4350 558 4409 vestra
572 4350 638 4408 tam
654 4341 724 4408 visa
741 4364 835 4428 quam
858 4342 967 4408 audita
988 4341 1215 4426 significamus,
1232 4365 1300 4426 quaa

1149 4473 1170 4518 ο
