3298 5162
341 615 404 680 318
752 639 924 687 acaunum.

375 839 470 878 unave
493 839 531 878 DE
549 839 737 880 arelatinum
758 841 916 882 consume
938 842 1088 883 aureuma
1109 844 1142 884 uc
1163 844 1251 884 BOSCO
1270 845 1306 884 m·

576 927 703 967 raecum
723 928 756 968 11⁴
777 928 893 968 murale
915 929 1112 970 concurrum.

377 1029 432 1084 Rex
440 1029 586 1084 vicecomiti
596 1030 717 1087 salutem.
743 1032 862 1104 Precipio
874 1033 923 1088 tibi
932 1034 1003 1105 quod
1011 1035 1067 1090 sinc
1078 1035 1203 1091 dilatione
1216 1037 1344 1108 precipias

340 1115 372 1170 R.
386 1116 454 1188 quod
464 1117 537 1188 juste
551 1123 578 1172 et
589 1117 646 1172 eine
658 1118 786 1174 dilatione
799 1121 937 1191 permittat
950 1121 1044 1176 habere
1064 1123 1100 1176 H.
1120 1123 1277 1178 aisiamenta
1296 1143 1344 1178 sua

338 1202 366 1257 iu
380 1203 456 1258 bocco
468 1208 496 1258 et
509 1204 656 1275 inpactum
669 1205 700 1260 de
714 1206 779 1261 villa
791 1207 846 1274 illa,
859 1227 910 1278 qne
924 1207 1019 1264 habere
1033 1209 1118 1275 debet,
1137 1215 1170 1265 ut
1188 1210 1262 1274 dicit,
1275 1211 1344 1266 aicut

339 1308 369 1344 ea
381 1289 478 1346 habere
489 1291 567 1347 debet
578 1296 605 1347 et
617 1292 713 1348 habere
725 1293 798 1358 solet,
812 1301 840 1349 et
852 1314 905 1350 nou
922 1297 1070 1368 permittas,
1082 1297 1152 1369 quod
1171 1298 1289 1368 prefatus
1309 1298 1342 1352 Il.

339 1377 381 1432 vel
394 1377 462 1432 aliua
474 1376 498 1432 ei
511 1378 572 1433 inde
584 1379 731 1434 molestiam
745 1380 786 1435 vel
800 1381 927 1452 injuriam
940 1383 1027 1448 saciat,
1041 1403 1073 1438 ne
1091 1384 1206 1456 amplius
1224 1389 1273 1440 etc.
1310 1386 1341 1439 T.

338 1469 387 1520 etc.
419 1464 478 1519 Lib.
493 1466 534 1530 12,
546 1483 568 1520 c.
584 1467 624 1520 14.

388 1712 482 1752 unm
502 1711 540 1752 Dll
559 1712 715 1754 recturum
734 1713 979 1753 marcumunes
999 1713 1107 1754 omme
1127 1714 1217 1755 nem
1236 1715 1296 1756 DUO

749 1799 937 1840 Turenum.

377 1905 434 1960 Rex
443 1905 592 1960 vicecomiti
601 1905 723 1961 salntem.
748 1905 868 1977 Prceipio
877 1905 936 1972 tibi,
944 1906 1013 1978 quod
1023 1906 1097 1977 juste
1109 1911 1136 1962 et
1148 1907 1205 1963 sine
1218 1907 1345 1965 dilatione

339 1992 420 2047 facian
438 2011 494 2048 cane
513 1991 682 2047 rationabiles
699 1991 798 2047 divisae
816 1992 888 2046 iuter
900 1997 998 2048 terram
1012 1993 1046 2048 R.
1065 1994 1093 2048 in
1111 1994 1159 2049 illa
1178 1993 1251 2059 villa,
1269 2001 1296 2051 et
1318 1997 1347 2050 in

338 2080 554 2154 pertinentiiaet
571 2083 668 2134 terram
684 2079 716 2134 D.
730 2080 759 2134 in
776 2079 822 2134 illa
841 2078 912 2146 villa,
933 2080 1002 2134 aicut
1022 2099 1078 2135 ease
1097 2081 1194 2136 debent
1213 2086 1241 2137 et
1260 2081 1347 2138 solent

340 2189 396 2224 eaae
418 2173 445 2224 et
464 2169 533 2223 sicut
562 2168 672 2223 fuerunt
694 2172 811 2238 tempore
840 2167 909 2240 regia
932 2168 1053 2232 Heurici,
1078 2169 1121 2223 avi
1142 2169 1202 2233 mci,
1222 2170 1292 2225 uude
1312 2171 1346 2225 R·

339 2256 467 2327 queritur.
480 2255 549 2326 quod
562 2256 594 2311 A.
616 2254 719 2324 injuste
732 2257 759 2310 et
772 2254 828 2310 aine
845 2254 948 2326 judicio
960 2255 1099 2327 occupavit
1111 2255 1171 2311 inde
1184 2256 1253 2327 plue,
1265 2275 1346 2330 quam

338 2343 455 2416 pertinet
467 2341 500 2396 ad
512 2341 626 2397 liberum
638 2345 822 2398 tenementum
835 2361 914 2396 auum
927 2341 959 2397 de
973 2342 1045 2408 villa,
1058 2362 1091 2397 ne
1103 2347 1223 2414 oporteat
1234 2347 1283 2398 etc.
1314 2343 1345 2399 T.

341 2435 390 2485 etc
429 2429 487 2485 Lib.
503 2431 543 2494 12,
555 2449 577 2485 e.
593 2431 634 2484 16.

446 2679 484 2718 ΒΕ
505 2645 940 2726 uournfflrxcliseoa18,curue
959 2678 1055 2717 HEBES
1068 2678 1165 2718 HAJOB
1179 2677 1235 2718 Ber.

375 2783 432 2838 Rex
445 2783 594 2840 vicecomiti
608 2783 729 2839 salutem.
775 2781 805 2839 Si
823 2783 858 2839 G.
877 2782 947 2838 filius
967 2783 998 2838 T.
1018 2783 1114 2840 fecerit
1131 2789 1157 2840 tc
1176 2803 1297 2840 securum
1309 2783 1341 2839 de

337 2869 450 2926 clamore
470 2889 518 2926 auo
536 2870 726 2942 prosequendo,
745 2873 810 2924 tunc
828 2887 966 2924 summoue
979 2871 1118 2941 perbonos
1136 2871 1340 2926 summonitores

337 2955 474 3012 duodecim
493 2957 587 3012 liberos
606 2961 632 3012 et
651 2955 748 3027 legales
761 2955 882 3011 homines
895 2957 927 3010 (le
939 2955 1052 3012 visineto
1071 2956 1103 3012 de
1123 2957 1168 3012 illa
1187 2957 1258 3023 villa,
1270 2956 1341 3029 quod

338 3043 394 3098 nint
411 3061 499 3098 comm
517 3062 559 3098 me
577 3042 620 3098 vel
637 3042 755 3113 justiciis
773 3043 839 3096 meis
857 3061 888 3098 co
906 3043 948 3097 die
966 3044 1052 3114 parati
1071 3049 1235 3101 sacramento
1253 3064 1341 3116 recog·

338 3148 451 3194 noscere,
470 3131 493 3185 ei
506 3131 536 3184 T.
549 3133 626 3202 pater
638 3129 750 3200 predicti
763 3130 796 3184 G.
809 3129 862 3184 fuit
875 3129 982 3186 aeisitua
1003 3131 1030 3185 iu
1051 3132 1182 3188 dominico
1203 3152 1259 3197 auo,
1272 3134 1341 3188 sicut

337 3216 370 3271 de
382 3215 458 3272 feodo
470 3234 518 3271 auo
530 3216 562 3270 de
574 3234 629 3270 una
640 3215 746 3288 virgata
758 3219 827 3270 terre
840 3215 868 3270 in
880 3216 927 3272 illa
945 3217 1010 3272 villa
1022 3217 1072 3282 die,
1085 3237 1138 3291 qua
1150 3219 1223 3284 obiit,
1238 3219 1261 3274 ei
1274 3219 1341 3275 obiit

336 3306 398 3375 poet
410 3303 524 3375 primam
542 3303 738 3359 coronationem
757 3321 852 3370 meam,
870 3310 898 3360 ct
916 3305 941 3359 ei
960 3303 1004 3360 ille
1023 3305 1054 3360 G.
1075 3307 1247 3378 propinquior
1266 3308 1340 3362 heres

336 3390 394 3461 ejus
406 3393 485 3446 estet
497 3389 604 3446 interim
617 3396 715 3446 terram
737 3390 811 3446 illam
830 3391 945 3456 videant,
959 3397 986 3447 et
1004 3393 1114 3448 nomina
1131 3413 1222 3450 eorum
1241 3393 1339 3450 imbre·

335 3477 404 3532 viari
413 3477 492 3533 luciae
500 3483 527 3534 et
536 3497 673 3534 commone
686 3479 825 3550 perbonos
837 3480 1041 3536 summonitores
1055 3481 1088 3536 R.
1097 3481 1142 3554 qui
1155 3486 1253 3537 terram
1266 3481 1340 3538 illam

335 3569 416 3630 tenet,
429 3566 499 3638 quod
511 3570 575 3622 tunc
587 3567 624 3622 ait
636 3567 672 3622 ibi
685 3567 825 3622 auditurus
837 3566 912 3622 illam
925 3568 1133 3640 recognitionem
1151 3575 1179 3625 et
1191 3569 1288 3626 habeas
1301 3571 1339 3626 ibi

335 3654 540 3709 commonitores
552 3659 600 3710 etc.
638 3654 668 3709 Τ.
682 3659 730 3709 etc.
761 3653 820 3710 Lib.
835 3657 877 3720 13,
890 3674 912 3710 c.
924 3657 950 3710 3.

371 3918 466 3958 Bam
479 3917 517 3957 DE
537 3917 684 3958 vacnum
703 3917 818 3958 salsum
837 3918 960 3958 ruperim
974 3919 1042 3958 POST
1058 3919 1303 3960 nacoormormr

758 4005 880 4044 FACTAM.

371 4109 428 4164 Rex
437 4108 583 4163 vicecomiti
596 4107 718 4164 salutem.
744 4110 825 4172 Seiae,
835 4109 906 4180 quod
913 4109 947 4164 N.
962 4109 1137 4164 diracionavit
1148 4111 1178 4165 iu
1190 4112 1262 4166 curia
1273 4131 1339 4176 mea,

335 4196 459 4252 saisinam
475 4197 551 4250 tante
562 4199 632 4250 terre
645 4196 672 4250 in
685 4194 731 4250 illa
744 4195 808 4250 villa
829 4215 876 4266 per
893 4196 1101 4267 recognitionem
1119 4197 1151 4251 de
1164 4203 1248 4253 morte
1266 4197 1339 4252 illiue

334 4281 506 4338 antecessoria
524 4282 567 4336 eui
587 4301 680 4337 versun
700 4284 733 4337 R·
770 4283 807 4337 Et
828 4283 886 4337 ideo
906 4284 956 4339 tibi
975 4283 1098 4355 precipio,
1119 4285 1191 4356 quod
1215 4284 1339 4340 seieinam

334 4368 408 4424 illam
425 4367 448 4422 ei
462 4366 519 4422 eine
531 4369 658 4422 dilutione
671 4368 761 4424 haberi
775 4370 864 4424 socias.
901 4371 931 4424 T.
945 4375 994 4425 etc.
1032 4370 1090 4424 Lib.
1106 4373 1147 4434 13,
1160 4391 1182 4426 c.
1195 4375 1220 4426 8.
