3280 5132
719 657 861 702 wrurmu
885 659 907 702 r.
1272 643 1311 704 15

312 806 410 892 Cujus
425 809 469 874 rei
484 831 577 874 causa
591 831 695 873 coram
711 809 795 894 regis
809 809 896 896 curia
911 811 1074 890 ventilata,
1090 817 1250 876 statutum
1265 819 1314 877 eet

311 917 345 982 in
360 921 531 1002 communi,
548 927 586 986 ut
599 921 638 986 de
653 921 761 986 eadem
776 921 905 986 ecclesia
920 929 952 986 et
963 922 1057 1006 leuga
1071 923 1313 1007 circumjacente

311 1029 343 1095 se
358 1031 519 1116 episcopus
534 1055 596 1096 uon
618 1032 855 1112 intromitteret,
869 1032 922 1097 sed
938 1031 1034 1097 abbas
1049 1033 1185 1099 ecclesia
1201 1055 1266 1098 suae
1281 1039 1313 1098 et

311 1139 412 1225 leuga
427 1141 679 1226 circumjacentis
698 1143 799 1226 judex
814 1143 858 1209 sit
872 1148 905 1208 et
926 1143 1084 1223 dominus,
1101 1151 1137 1208 ut
1153 1145 1236 1210 servi
1252 1143 1313 1209 Dei

310 1253 500 1318 secularibus
527 1253 610 1318 curis
634 1253 784 1338 expediti,
807 1254 865 1319 soli
891 1255 959 1320 Deo
981 1261 1014 1320 et
1036 1256 1131 1320 saluti
1153 1255 1312 1320 omnium¹

311 1363 521 1444 intenderent,
536 1371 569 1431 et
583 1388 646 1429 sua
661 1364 795 1430 ecelesiae
806 1387 879 1430 cum
894 1365 1042 1450 pradicta
1056 1366 1161 1451 leuga,
1177 1373 1210 1432 et
1225 1389 1313 1431 secu-

309 1476 369 1540 lari
394 1483 428 1540 et
451 1476 659 1541 ecclesiastico
692 1499 778 1541 more
807 1482 986 1560 praeessent,
1012 1476 1155 1563 episeopo
1185 1477 1251 1542 haec
1281 1484 1314 1542 et

311 1588 430 1673 reliqua
452 1611 521 1673 quae
543 1587 692 1673 praedicta
714 1593 790 1651 sunt
811 1611 884 1652 cum
906 1587 1007 1672 regali
1028 1589 1216 1654 auctoritate
1239 1612 1312 1654 con·

310 1697 466 1764 firmante.

345 1883 413 1948 [The
425 1885 556 1950 following
566 1901 677 1949 appears
688 1889 717 1934 to
727 1884 795 1934 have
806 1885 873 1934 been
883 1885 928 1933 the
938 1885 1120 1935 confirmation
1126 1885 1281 1951 granted.]¹

354 2016 548 2081 Willielmus
572 2017 634 2082 Dei
663 2015 768 2102 gratia
796 2038 852 2081 rex
877 2015 1068 2100 Anglorum,
1093 2021 1162 2080 tam
1193 2015 1313 2081 clericis

310 2149 407 2212 quam
424 2126 512 2191 laicis
534 2149 588 2211 per
610 2128 764 2212 Angliam
786 2126 981 2204 constitutis,
996 2127 1143 2192 salutem.
1187 2126 1312 2192 Notum

311 2238 355 2302 sit
364 2237 463 2317 vobis,
472 2260 523 2302 me
538 2238 722 2302 concessisse
734 2243 766 2302 et
781 2238 992 2316 confirmasse,
1004 2259 1132 2302 assensu
1142 2236 1313 2302 lanfranci

311 2348 535 2433 archiepiscopi
558 2349 803 2427 cantuariensis,
818 2355 851 2414 et
875 2348 1025 2433 Stigandi
1047 2348 1184 2434 episcopi
1208 2349 1312 2414 Cices-

311 2459 434 2537 tremis,
473 2465 506 2525 et
535 2458 664 2524 oonsilio
701 2459 799 2524 etiam
836 2459 1052 2544 episcoporum
1090 2481 1126 2523 ac
1154 2459 1310 2525 baronum

311 2593 465 2651 meorum,
487 2577 526 2635 ut
555 2570 683 2637 ecclesia
714 2571 825 2637 Sancti
856 2571 992 2635 Martini
1021 2571 1060 2636 de
1091 2571 1191 2652 Bello,
1215 2594 1311 2657 quam

311 2682 443 2747 fundavi
457 2705 497 2748 ex
512 2687 585 2748 voto
600 2682 640 2748 ob
659 2682 824 2748 victoriam
840 2705 935 2768 quam
950 2682 1029 2746 mihi
1045 2684 1132 2748 Deus
1147 2683 1181 2747 in
1204 2683 1312 2749 eodem

310 2794 378 2859 loeo
393 2792 541 2876 contulit,
562 2793 660 2859 libera
681 2793 724 2858 sit
739 2800 772 2858 et
794 2794 901 2880 quieta
915 2793 950 2857 in
965 2801 1153 2880 perpetuum
1168 2795 1208 2860 ab
1224 2795 1312 2860 omni

311 2905 464 2971 servitute
473 2911 506 2970 et
519 2905 667 2970 omuibus
678 2927 871 2990 quacunque
880 2905 1020 2970 humana
1029 2928 1117 2972 mena
1132 2905 1313 2991 excogitare

311 3023 426 3102 potest,
440 3040 513 3082 cum
529 3016 675 3081 omnibus
691 3014 905 3099 dignitatibus
919 3021 952 3080 et
966 3016 1245 3082 consuetudinibus
1265 3041 1312 3084 re·

311 3128 436 3214 galibus
461 3150 539 3214 quas
563 3128 591 3192 ei
614 3126 713 3212 regali
737 3126 926 3192 auctoritate
951 3127 1099 3206 concessi,
1113 3127 1195 3192 sicut
1219 3133 1313 3193 carta

313 3261 392 3306 rneae
406 3245 576 3306 testantur.
621 3238 704 3304 Volo
720 3238 827 3323 itaque
842 3243 875 3302 eb
884 3237 1017 3302 firmiter
1031 3238 1187 3323 praecipio,
1202 3245 1311 3324 quate·

311 3373 371 3415 uus
405 3349 532 3415 ecclesia
561 3349 626 3427 illa,
651 3371 724 3412 cum
754 3347 849 3432 leuga
872 3347 1114 3433 circumquaque
1138 3349 1312 3433 adjacente,

311 3461 409 3526 libera
423 3461 466 3526 sit
481 3460 520 3526 ab
536 3459 624 3526 omni
645 3459 859 3524 dominatione
881 3464 914 3523 et
935 3459 1133 3542 oppressione
1155 3459 1312 3545 episcopo·

312 3595 394 3649 rum,
409 3571 493 3636 sicut
517 3571 572 3634 illa
595 3592 662 3655 quae
685 3570 763 3634 mihi
786 3593 933 3634 coronam
955 3569 1080 3648 tribuit,
1095 3576 1129 3634 et
1146 3592 1202 3654 per
1217 3593 1312 3655 quam

311 3681 401 3764 viget
416 3681 508 3744 decus
523 3681 623 3744 nostri
637 3680 812 3763 regiminis.
856 3679 926 3744 Nec
942 3679 1035 3744 liceat
1049 3679 1193 3764 episeopo
1208 3680 1312 3745 Cices·

312 3789 421 3871 tremi,
437 3789 581 3874 quamvis
605 3789 639 3852 in
661 3789 746 3852 illius
767 3788 891 3854 dioecesi
913 3790 967 3869 sit,
980 3789 1014 3853 in
1037 3788 1167 3853 eeclesia
1182 3789 1247 3869 illa,
1263 3790 1314 3855 vel

310 3902 346 3967 in
360 3900 508 3966 maneriis
529 3901 570 3964 ad
591 3921 660 3964 eam
682 3899 916 3984 pertinentibus
938 3921 977 3963 ex
995 3899 1224 3966 consuetudine
1239 3901 1311 3965 hos-

310 4012 417 4098 pitari,
452 4017 563 4077 contra
591 4010 789 4075 voluntatem
825 4008 968 4089 abbatie;
1006 4031 1064 4074 neo
1100 4009 1313 4077 ordinationes

310 4125 430 4210 aliquas
453 4121 570 4188 ibidem
596 4121 705 4201 facere,
720 4143 776 4186 nec
800 4120 960 4185 abbatiam
985 4121 1020 4186 in
1042 4121 1148 4206 aliquo
1169 4144 1311 4206 gravare.

312 4237 374 4302 Sed
389 4257 490 4321 neque
506 4257 597 4320 super
612 4233 710 4314 illam,
728 4231 975 4297 dominationem
996 4233 1146 4318 aliquam,
1161 4241 1218 4300 aut
1236 4236 1313 4317 vim,

393 4397 402 4430 ¹
420 4395 588 4445 animarum?
784 4392 795 4426 ³
812 4393 883 4442 Hiat.
896 4393 1036 4454 Novarum,
1049 4393 1097 4443 165
1112 4392 1239 4458 (selden).
