3286 5150
719 651 828 700 nrum
852 653 889 698 11.
1238 635 1298 696 221

537 804 665 890 [Annor
688 807 769 872 Ono.
815 809 931 870 Anour
954 804 1084 889 1175]ι

297 932 399 999 [Abbot
425 934 481 984 odo
503 933 533 982 of
552 934 640 984 Battel
661 935 737 984 seolrs
755 932 807 982 and
826 933 931 983 obtains
953 933 1020 982 from
1042 933 1087 981 the
1105 933 1200 996 King¹s
1221 931 1301 981 Conrt

361 1013 473 1062 renewnl
483 1013 514 1060 of
527 1026 543 1060 a
554 1011 668 1075 deouyed
680 1013 801 1070 chortem
818 1012 865 1060 the
876 1015 952 1060 court
969 1011 1049 1074 being
1060 1011 1200 1073 composod
1211 1010 1241 1058 of
1254 1008 1299 1058 the

361 1090 425 1152 king
436 1089 488 1138 and
499 1089 540 1138 his
550 1093 626 1152 grem
638 1084 721 1154 men]

296 1195 402 1260 Uuau
425 1217 465 1260 ex
488 1195 584 1260 cartis
609 1195 695 1279 regis
720 1193 890 1267 Willelmi,
916 1193 1093 1258 fundatoris
1117 1193 1300 1258 monasterii

295 1305 335 1370 de
366 1303 466 1380 Bello,
496 1305 636 1391 contigit
666 1311 743 1371 tunc
773 1304 926 1390 temporis
954 1305 989 1370 in
1018 1305 1086 1390 ipso
1113 1305 1300 1370 monasterio

294 1423 454 1482 vetustate
476 1416 617 1482 dissolvi.
664 1417 769 1483 Quam
792 1438 865 1481 cum
889 1415 985 1480 abbas
1007 1416 1077 1502 regi
1100 1416 1301 1502 porrexisset,

296 1531 316 1562 “
331 1527 443 1606 Haec,'’
468 1527 575 1612 inquit
597 1551 661 1606 rex,
685 1533 706 1564 “
719 1526 918 1592 renovatione
941 1526 1130 1611 indigeret.”
1175 1521 1301 1592 Abbatc

295 1638 336 1702 ad
351 1639 410 1702 hoc
426 1637 642 1723 respondente,
658 1639 732 1702 “Et
746 1659 805 1702 nos
820 1643 858 1701 ut
872 1660 941 1702 eam
956 1636 983 1701 si
997 1637 1101 1722 placet
1115 1637 1301 1702 auctoritate

295 1748 384 1832 regia
398 1747 578 1813 renovando
593 1747 784 1813 confirmetis
800 1747 1014 1832 supplicamus
1024 1748 1057 1826 ;”
1079 1753 1098 1783 “
1109 1749 1185 1812 Non
1206 1748 1299 1829 hoc,”

295 1858 402 1942 inquit
425 1881 490 1935 rex,
507 1858 599 1922 “nisi
625 1880 664 1922 ex
686 1857 807 1944 judicio
827 1858 919 1923 curiae
942 1881 1019 1922 meae
1040 1859 1179 1924 facturus
1194 1859 1300 1924 sum.'’

296 1968 438 2032 Divertit
459 1967 500 2031 ad
521 1967 588 2032 haec
604 1967 700 2032 abbas
716 1991 734 2032 a
749 1991 835 2052 rege,
850 1974 884 2033 et
899 1968 1004 2032 virum
1020 1968 1175 2032 illustrem
1191 1969 1298 2032 Ricar-

295 2080 372 2143 dum
387 2078 426 2143 de
440 2079 520 2142 Irnci
535 2078 655 2153 adiens,
670 2078 754 2162 regis
770 2079 830 2144 sibi
845 2079 989 2163 exposuit
1010 2100 1203 2162 responsum.
1247 2078 1299 2143 Ad

297 2188 383 2274 quod
408 2189 459 2254 vir
479 2188 612 2253 illustris
635 2188 792 2254 Ricardus
815 2188 1014 2275 respondens,
1029 2188 1096 2252 “Si
1121 2189 1299 2268 nostrum,’'

296 2298 413 2384 inquit,
440 2304 462 2336 “
474 2322 567 2384 super
597 2299 657 2364 hoc
680 2304 864 2383 expectatur
889 2299 1058 2384 judicium,
1083 2298 1123 2363 ad
1152 2300 1299 2364 effectum

296 2409 460 2494 petitionis
484 2416 547 2474 tuae
571 2410 754 2475 unanimem
778 2409 919 2476 invenies
942 2409 1041 2474 totius
1061 2410 1155 2474 curiae
1169 2432 1300 2475 consen·

297 2521 402 2584 sum.''
447 2521 531 2586 Loco
546 2525 580 2584 et
594 2526 735 2605 tempore
750 2543 788 2585 ex
803 2519 933 2584 consilio
949 2519 1009 2585 viri
1023 2519 1155 2584 illustris
1171 2520 1299 2585 Ricardi

297 2636 470 2715 expectato,
491 2652 564 2696 cum
588 2635 661 2716 post
687 2631 847 2695 modicum
871 2653 925 2694 rex
949 2631 982 2695 in
1009 2629 1111 2694 medio
1137 2653 1299 2715 procerum

296 2765 423 2806 suorum
440 2741 597 2814 resideret,
610 2741 707 2806 abbas
721 2741 891 2826 procedens
906 2747 1024 2805 cartam
1040 2764 1129 2805 suam
1140 2748 1299 2808 vetustate

296 2852 482 2938 dissipatam
506 2851 540 2916 in
555 2857 725 2936 conspectu
740 2851 883 2916 omnium
908 2851 1082 2936 proposuit,
1097 2858 1130 2917 ct
1153 2859 1189 2916 ut
1212 2852 1300 2938 regia

296 2963 484 3043 auctoritate
513 2969 714 3028 renovaretur
743 2962 887 3047 expetiit.
941 2961 1029 3046 Rege
1058 2984 1151 3046 super
1178 2963 1248 3042 hoc,
1272 2963 1300 3029 si

296 3074 475 3140 faciendum
498 3079 579 3139 esset
605 3095 712 3153 necne,
734 3072 890 3160 judicium
919 3095 1082 3158 procerum
1111 3075 1298 3160 requirente,

296 3187 318 3220 “
328 3185 460 3262 Decet‚”
476 3183 583 3268 inquit
605 3183 759 3249 Ricardus
774 3183 812 3248 de
828 3183 919 3263 Luci,
936 3187 957 3220 “
967 3183 1056 3248 decet
1070 3207 1126 3248 vos
1148 3183 1175 3248 si
1196 3185 1300 3269 placet

295 3294 423 3359 domine
445 3300 566 3359 cartam
588 3294 783 3360 ecclesiane
807 3294 896 3360 Bello
919 3317 1076 3370 renovare,
1092 3295 1184 3381 cujus
1201 3296 1298 3360 ctiam

296 3405 323 3468 si
349 3426 458 3468 omnes
482 3411 575 3468 cartae
597 3404 762 3488 perissent,
787 3426 845 3468 nos
875 3426 984 3470 omnes
1013 3411 1107 3468 cartae
1136 3405 1205 3492 ejus
1233 3427 1299 3470 esse

298 3513 459 3592 debemus,
474 3514 529 3598 qui
544 3514 582 3578 de
597 3514 825 3600 conquisitione
840 3516 923 3598 apud
940 3515 1063 3578 Bellum
1082 3515 1166 3580 facta
1183 3515 1299 3580 feodati

298 3644 416 3686 sumus.
450 3623 495 3686 Et
505 3621 654 3707 quoniam
669 3623 825 3709 judicium
840 3629 984 3688 nostrum
999 3629 1107 3688 utrum
1121 3624 1299 3689 faciendum

297 3732 341 3796 sit
356 3754 453 3797 necne
468 3733 607 3816 exigitis,
622 3738 660 3796 ut
681 3739 801 3796 cartam
823 3733 1004 3816 preadictum
1027 3733 1215 3798 auctoritate
1230 3757 1298 3798 ves-

297 3846 349 3905 tra
370 3842 584 3907 confirmando
607 3843 764 3908 renovetis
787 3841 1040 3928 adjudicamus.”
1085 3845 1154 3907 Rex
1168 3843 1209 3907 ad
1223 3845 1298 3918 haec,

297 3959 407 4016 vocato
434 3953 575 4017 Waltero
605 3953 643 4017 de
674 3951 884 4030 Constanciis,
913 3958 991 4017 tunc
1019 3952 1202 4018 cancellario
1233 3976 1299 4033 suo,

296 4062 499 4143 postmodum
523 4063 736 4129 lincolniensi
757 4064 913 4150 episcopo,
928 4068 1046 4150 etpost
1062 4065 1218 4130 modicum
1236 4067 1299 4129 Ro-

296 4173 497 4259 thomagensi
518 4173 758 4258 archiepiscopo,
772 4173 869 4257 jussit
888 4179 1007 4239 cartam
1028 4197 1141 4239 novam
1163 4176 1300 4240 nominis

297 4291 331 4348 et
345 4283 444 4368 sigilli
459 4282 540 4367 regii
555 4282 728 4348 secundum
744 4283 877 4348 formam
892 4289 986 4348 carta
1001 4285 1115 4350 veteris
1130 4285 1207 4368 fieri,
1222 4310 1299 4372 prse-

479 4465 486 4498 ¹
505 4462 573 4511 Hist.
586 4463 655 4511 Mon.
668 4462 699 4510 de
711 4461 790 4520 Bello,
803 4463 851 4512 164
862 4462 940 4525 (Aug.
953 4463 1036 4512 Chris.
1050 4461 1127 4526 Soc).
