3286 5142
729 657 839 702 usuri
863 657 886 701 1.
1249 637 1309 700 115

308 809 416 876 audire
431 809 547 877 velitis.
592 809 729 876 Constat
744 810 871 896 quidem
892 809 977 896 quod
999 814 1084 874 terra
1105 807 1171 876 hreo
1193 807 1232 874 de
1246 831 1308 895 qua

307 921 399 986 nobis
420 921 472 988 hic
494 945 594 988 sermo
616 923 761 1002 oritur,a
783 921 894 988 diebus
916 921 1058 1007 antiquis
1078 920 1177 1006 hujus
1191 927 1309 986 sancta

308 1032 419 1098 domus
446 1033 577 1099 Domini
597 1033 748 1099 fratribus
770 1033 805 1098 in
827 1055 903 1098 usus
924 1032 1067 1118 proprios
1088 1039 1120 1097 et
1142 1031 1307 1116 possessio-

306 1165 380 1209 nem
410 1143 541 1210 liberam
570 1145 654 1224 data,
676 1143 794 1209 nullius
828 1165 969 1230 unquam
1002 1142 1180 1207 mutatione
1212 1141 1307 1226 regis,

306 1253 454 1340 episcopi,
469 1255 520 1321 vel
534 1254 667 1335 abbatis,
682 1255 716 1319 in
730 1255 784 1340 jus
798 1254 934 1319 militare
949 1254 1088 1320 transiit.
1132 1252 1227 1320 Quod
1240 1254 1308 1339 ipse

309 1363 431 1430 Grenta
445 1365 484 1431 de
498 1367 589 1451 cujus
611 1365 793 1431 hereditate
814 1387 901 1430 nunc
923 1365 1031 1450 agitur
1052 1364 1188 1430 moriens
1210 1363 1307 1430 etiam

306 1497 369 1540 non
390 1476 500 1542 tacuit.
544 1476 630 1543 Nam
652 1499 735 1556 cum,
757 1476 847 1542 nobis
868 1475 1084 1561 praesentibus,
1105 1475 1214 1542 domui
1244 1499 1308 1542 suae

305 1585 494 1670 disponeret,
508 1592 541 1653 et
555 1587 600 1652 rei
614 1586 779 1674 peculiaris
800 1595 907 1672 partes
928 1587 1119 1652 nominatim
1141 1587 1305 1660 divideret,

306 1701 422 1762 secreto
447 1697 587 1764 monitus
611 1721 632 1763 a
654 1696 835 1763 domesticis
864 1703 902 1763 ut
931 1703 1159 1764 testamentum
1188 1697 1306 1762 faciens

305 1807 429 1892 publice
443 1808 504 1873 sibi
518 1808 672 1874 haeredem
687 1808 903 1874 substitueret.
949 1809 1019 1887 Ait,
1036 1808 1114 1874 Haee
1134 1813 1184 1874 est
1209 1809 1304 1873 haare-

305 1916 388 1982 ditas
425 1940 587 1984 servorum
623 1919 773 1998 Domini3
817 1942 913 2005 quam
951 1919 1018 1985 vice
1054 1917 1203 2003 stipendii
1241 1941 1305 1984 non

304 2027 497 2094 hereditatis
511 2029 582 2114 lege
598 2029 700 2115 quoad
713 2029 852 2096 viverem
876 2035 981 2095 tenere
1004 2030 1184 2114 permissus,
1200 2029 1304 2114 ipsum

304 2160 355 2204 me
385 2161 457 2203 cum
491 2145 584 2219 terra,
617 2139 769 2205 fratribus
805 2139 920 2226 quibus
953 2139 987 2204 id
1016 2139 1098 2224 juris
1128 2145 1187 2218 est,
1218 2161 1305 2205 nunc

304 2248 438 2315 moriens
453 2249 605 2336 relinquo.
652 2251 723 2316 Hoc
737 2255 786 2316 est
800 2251 885 2336 quod
899 2250 975 2316 fecit
997 2254 1248 2316 testamentum:
1271 2257 1305 2316 et

304 2360 369 2426 hac
384 2361 479 2426 verba
493 2361 579 2426 illius
594 2361 776 2428 novissima.
820 2362 984 2449 Postque
1006 2365 1139 2426 vexatus
1160 2383 1216 2446 per
1237 2362 1305 2428 dies

304 2471 434 2557 aliquot,
457 2472 630 2540 monachus
662 2473 746 2539 diem
779 2473 870 2540 obiit.
916 2474 1089 2539 Praesentes
1123 2473 1175 2538 hic
1207 2471 1304 2538 etiam

304 2583 455 2667 quosdam
480 2582 582 2664 video,
608 2606 687 2669 quos
710 2583 858 2649 omnibus
883 2583 934 2648 his
959 2583 1139 2650 intertirisse
1161 2583 1257 2648 simul
1271 2590 1305 2650 et

303 2694 425 2760 audisse
461 2695 679 2779 gratissimum
716 2696 823 2762 babeo.
884 2699 1059 2782 Surgentes
1095 2695 1169 2762 ilico
1204 2702 1303 2764 testes

302 2805 433 2890 quidam
449 2805 588 2890 legitimi
604 2812 725 2873 stautm
740 2806 776 2872 in
790 2807 894 2872 medio
908 2811 1091 2872 constanter
1112 2808 1303 2888 asserebant,

302 2939 335 2982 se
348 2916 450 2982 modis
465 2917 610 2983 omnibus
625 2918 820 3003 probaturos,
837 2941 909 2984 eum
924 2941 964 2984 ne
987 2941 1050 2984 uno
1065 2919 1192 3005 quidem
1208 2920 1302 2986 verbo

301 3027 445 3094 veritatis
459 3029 631 3113 praeterisse
646 3029 794 3114 vestigia.
839 3030 939 3096 Carta
953 3028 1178 3095 nichilominus
1203 3029 1301 3096 dona·

300 3137 397 3204 tionis
432 3140 569 3226 antiquae
605 3163 679 3206 mox
715 3141 798 3205 lecta
833 3146 882 3206 est
892 3167 903 3219 ς
936 3161 1031 3226 quam
1054 3139 1214 3206 Kenulfus
1245 3163 1302 3208 rex

302 3251 465 3316 Saxonum
497 3249 592 3315 scribi
624 3251 773 3336 praecepit
805 3256 839 3316 ct
871 3274 970 3316 manu
1001 3251 1126 3337 propria
1148 3250 1301 3336 signavit,

222 3361 225 3368 ⁴
299 3360 569 3427 consentientibus
591 3367 623 3426 et
645 3362 857 3427 annuentibus
872 3362 1122 3446 archiepiscopis,
1137 3363 1301 3446 episeopis,

300 3470 479 3552 abbatibus,
515 3478 548 3538 et
595 3472 740 3537 omnium
788 3473 986 3558 dignitatum
1033 3473 1223 3557 primatibus
1264 3496 1300 3538 ao

300 3581 464 3646 ministris.
509 3585 554 3648 Et
578 3590 615 3650 ut
637 3584 683 3648 ibi
704 3584 878 3670 legebatur,
901 3583 1035 3650 eandem
1061 3589 1181 3648 cartam
1207 3583 1301 3667 signo

299 3692 401 3756 erucis
426 3697 574 3758 notantes
597 3694 762 3780 imprecati
790 3695 926 3760 suntin
955 3694 1047 3759 illum
1076 3695 1156 3759 iram
1185 3693 1300 3758 furoris

299 3802 441 3881 Domini,
471 3805 650 3891 quicunque
685 3812 753 3872 tam
778 3805 906 3872 liberale
933 3803 1186 3871 christianissimi
1216 3803 1300 3888 regis

297 3913 486 3980 donativum
513 3939 698 4003 quocunque
715 3917 967 3983 deteriorationis
988 3938 1103 4002 genere
1123 3923 1299 3999 pervertere

297 4027 546 4112 praesumpsisset
571 4028 605 4092 in
628 4036 792 4095 aternum.
838 4027 944 4093 lectis
968 4026 1069 4112 igitur
1090 4032 1123 4092 et
1147 4027 1298 4111 expositis

296 4160 365 4222 quae
379 4142 467 4203 carta
481 4139 641 4204 continere
656 4139 832 4218 videbatur,
847 4136 1096 4204 ratiocinationis
1117 4138 1184 4222 jam
1206 4137 1299 4204 dicta

297 4248 413 4314 veritas
442 4249 576 4315 solidata
604 4256 671 4330 est;
704 4249 775 4315 aliis
804 4249 887 4315 bona
916 4249 1128 4328 laudantibus,
1158 4247 1229 4314 aliis
1257 4272 1298 4314 ex

297 4358 429 4426 adverso
444 4361 736 4442 tumultuantibus;
768 4361 824 4426 illo
848 4361 1002 4448 precipue
1025 4360 1227 4440 occlamante,
1244 4362 1298 4444 qui

791 4475 846 4536 12
