3298 5162
723 643 865 689 nicusus
888 646 912 688 1.
1261 623 1322 686 285

325 825 477 908 [Huasnr
495 847 534 891 or
554 828 606 892 Sr.
629 828 668 893 Q.
691 853 719 892 a.
743 829 893 893 Saarnsu
914 848 953 892 or
977 829 1009 893 F.
1027 848 1064 892 ur
1084 847 1133 892 nu.
1189 827 1319 911 119ἷ).]ι

318 980 384 1045 [The
400 984 554 1034 defendente
570 1000 614 1034 are
633 985 758 1048 appealed
777 984 805 1034 of
826 987 948 1048 ontering
970 986 1015 1034 tha
1038 983 1175 1048 piaiutiff's
1194 985 1322 1046 premises

381 1061 542 1126 saloninusly‚
558 1064 622 1112 with
633 1064 702 1113 force
715 1064 766 1112 and
778 1079 855 1122 arms,
868 1064 919 1112 and
931 1064 1053 1125 carrying
1066 1062 1105 1110 off
1114 1062 1173 1110 turi
1180 1083 1186 1120 ς
1203 1061 1255 1110 and
1269 1063 1322 1110 this

381 1139 426 1187 the
438 1141 555 1201 plaintiff
564 1141 640 1189 offers
652 1145 680 1189 to
690 1155 769 1203 prove
781 1142 815 1203 by
827 1141 865 1190 W.
881 1140 913 1189 N.
925 1141 977 1189 and
995 1141 1027 1189 R.
1039 1141 1069 1189 of
1083 1141 1122 1188 St.
1135 1140 1170 1187 Μ.
1205 1140 1259 1188 The
1278 1140 1321 1188 de-

381 1216 489 1266 fendant
508 1219 546 1266 W.
561 1233 646 1266 comes
668 1218 719 1267 and
736 1218 844 1267 defends
863 1219 908 1267 the
927 1217 1023 1280 felony,
1044 1217 1096 1266 and
1115 1231 1176 1279 says
1194 1217 1253 1265 that
1277 1217 1322 1265 tho

381 1295 505 1355 premises
518 1295 583 1343 from
595 1295 678 1344 which
690 1295 723 1343 he
736 1297 797 1344 took
815 1296 859 1343 the
870 1295 928 1344 turs
936 1311 1004 1344 were
1025 1295 1065 1343 his
1083 1310 1141 1343 own
1160 1293 1235 1341 frank
1248 1298 1318 1342 tone·

381 1374 461 1430 ment,
471 1370 523 1419 and
532 1376 578 1420 not
589 1372 648 1420 that
660 1372 689 1420 of
698 1373 742 1420 the
754 1372 874 1434 plaintifl‘.
908 1372 963 1420 'I'he
974 1372 1118 1420 defendant
1131 1371 1161 1419 R.
1174 1370 1320 1419 comesand

380 1448 488 1498 defends
514 1451 669 1514 everything
697 1450 810 1512 charged
839 1465 910 1512 upon
932 1450 986 1498 him
1009 1452 1039 1498 da
1060 1449 1132 1498 aerbo
1155 1450 1185 1496 ia
1207 1449 1319 1496 verbam.

380 1527 523 1590 Judgment
535 1530 594 1577 that
606 1530 650 1576 the
662 1529 754 1576 shcriff
761 1543 838 1576 cause
855 1543 871 1576 a
883 1529 948 1576 view
965 1527 993 1576 ot
1009 1528 1055 1576 the
1071 1527 1132 1576 land
1152 1527 1179 1574 in
1198 1527 1318 1588 question

380 1606 415 1668 by
434 1606 493 1655 four
511 1607 627 1670 knights,
645 1607 698 1655 and
715 1607 751 1669 by
770 1607 841 1655 them
863 1610 952 1668 report
971 1610 1000 1655 to
1022 1605 1108 1654 whom
1128 1605 1173 1654 the
1191 1605 1318 1667 promises

383 1682 498 1747 beloup]

318 1805 494 1872 Huannrus
518 1809 556 1874 de
581 1810 697 1874 Sancto
721 1809 878 1875 Quintino
898 1809 1035 1892 appellat
1059 1809 1255 1894 Stephanum
1281 1809 1319 1872 dc

317 1917 538 2002 Faueonberge
567 1925 600 1982 et
627 1919 824 1984 Willelmum
847 1920 885 1984 de
910 1918 1054 2003 Killinge
1076 1925 1108 1984 et
1124 1919 1316 1984 Everardum

315 2026 354 2090 de
377 2027 535 2092 Whitieco
560 2035 594 2093 et
615 2029 787 2094 Robertum
802 2030 841 2093 de
857 2028 1038 2094 Tudintona
1053 2035 1085 2093 et
1105 2027 1229 2092 illorum
1251 2028 1317 2091 vim

314 2138 399 2221 quod
411 2145 563 2204 venerunt
575 2139 607 2202 in
621 2121 736 2204 terram
746 2163 834 2204 suam
845 2140 882 2204 de
896 2141 1034 2204 Bortona
1046 2163 1118 2204 eum
1129 2139 1161 2203 vi
1174 2147 1206 2204 et
1220 2140 1316 2203 armis

314 2254 347 2312 et
369 2248 510 2313 robberia
523 2255 555 2314 et
571 2250 715 2334 nequiter
734 2258 766 2315 et
787 2251 820 2314 in
843 2253 936 2334 pace²
959 2249 1080 2314 domini
1101 2248 1184 2334 regis
1209 2249 1315 2334 aspor'-

313 2364 462 2422 tavemnt
479 2361 592 2423 catalla
612 2383 668 2424 sna
691 2359 810 2424 scilicet
833 2360 942 2424 turbas
972 2360 1011 2424 ad
1041 2360 1215 2424 valenciam
1243 2360 1315 2425 Lx.

314 2469 483 2534 solidorum
507 2478 539 2536 et
563 2495 599 2536 ea
618 2472 775 2536 duxerunt
800 2472 834 2534 in
853 2472 973 2536 curiam
999 2471 1084 2535 illius
1099 2469 1263 2548 willelmi,
1284 2479 1316 2536 et

313 2581 372 2646 hoc
382 2581 472 2647 offert
487 2582 616 2666 probare
628 2607 682 2667 per
692 2582 869 2648 Waltcrum
882 2583 1058 2648 Norensem
1069 2581 1126 2666 qui
1135 2587 1316 2647 eustoserat

312 2699 400 2758 terrac
415 2693 499 2758 illius
512 2717 620 2758 versus
643 2693 746 2777 ipsum
763 2693 960 2758 Willelmum
976 2683 1009 2758 et
1022 2717 1077 2778 per
1093 2693 1262 2758 Ricardum
1277 2693 1316 2758 de

314 2805 431 2868 Sancto
446 2803 603 2868 Michaelo
617 2827 722 2868 versus
734 2805 908 2868 Robertum
920 2804 1057 2888 quicum
1070 2803 1151 2868 vidit
1163 2803 1195 2867 in
1209 2803 1240 2867 vi
1250 2803 1314 2883 illa,

312 2921 344 2981 et
363 2915 535 2980 vicecomes
557 2921 692 2981 testatur
706 2916 788 3000 quod
807 2916 985 2999 Stephanus
1000 2937 1064 2979 non
1088 2913 1150 2980 fuit
1165 2915 1315 2980 inventus

311 3027 436 3112 quando
461 3027 665 3091 summonitio
689 3025 790 3111 primo
809 3025 907 3104 veuit,
926 3025 999 3110 quia
1028 3031 1077 3089 est
1105 3025 1190 3090 ultra
1220 3049 1315 3090 mare.

311 3137 491 3202 Willelmus
503 3137 590 3202 venit
598 3137 777 3201 etdefendit
788 3135 933 3201 feloniam
940 3143 972 3201 et
982 3136 1156 3201 robberiam
1166 3133 1198 3200 et
1209 3143 1314 3201 totum

310 3246 348 3311 de
362 3247 458 3311 verbo
476 3246 509 3310 in
528 3246 657 3312 verbum
673 3253 706 3310 et
721 3245 800 3310 dicit
812 3247 893 3331 quod
911 3247 1020 3310 turbas
1034 3270 1113 3330 quas
1129 3247 1312 3332 asportavit,

309 3355 484 3440 asportavit
499 3355 537 3420 de
552 3355 649 3419 libero
659 3361 840 3419 tenemento
855 3378 911 3419 sno
927 3357 1008 3419 etde
1021 3356 1108 3421 feodo
1124 3378 1191 3434 sue,
1200 3362 1233 3420 et
1248 3378 1312 3420 non

308 3466 344 3530 in
366 3465 455 3530 feodo
478 3464 576 3550 ipsius
592 3463 753 3542 Huberti;
777 3469 809 3528 et
830 3464 995 3528 Hubertus
1013 3463 1092 3528 dicit
1106 3464 1190 3549 quod
1204 3465 1312 3528 turbas
1418 3488 1419 3492 ¹

308 3575 377 3640 illas
404 3574 508 3640 fodere
533 3581 566 3639 et
586 3575 685 3639 facere
697 3573 773 3638 fecit
787 3580 956 3658 postquam
969 3574 1117 3638 dominus
1132 3597 1185 3638 rex
1203 3575 1311 3640 Ricar-

308 3687 367 3751 dus
379 3685 531 3770 applicuit
542 3685 579 3750 de
595 3683 784 3748 Alamannia
799 3683 878 3748 benc
893 3688 925 3748 et
941 3684 974 3747 in
989 3707 1064 3769 pace
1078 3691 1111 3748 et
1126 3684 1193 3748 siue
1207 3683 1312 3770 aliquo

307 3797 420 3863 clamio
438 3796 520 3882 quod
538 3795 716 3859 Willelmns
742 3794 814 3858 inde
829 3791 962 3874 fecisset,
979 3800 1012 3858 et
1022 3794 1105 3878 quod
1120 3799 1192 3878 post
1208 3801 1310 3858 trans·

307 3907 510 3974 fretaeionem
522 3904 642 3970 domini
651 3904 734 3988 regis
750 3903 783 3967 in
794 3904 1023 3968 Normanniam
1035 3903 1104 3968 illas
1119 3905 1291 3988 asportavit
1301 3933 1311 3984 ς

306 4027 339 4086 et
356 4019 512 4084 Rohertus
528 4023 631 4082 totum
646 4015 787 4080 defendit
803 4038 927 4078 versum
943 4015 1048 4098 ipsum
1066 4016 1248 4080 Hubertum
1272 4018 1311 4082 de

307 4131 403 4198 verbo
432 4129 466 4194 in
493 4128 633 4193 verbum.
678 4126 919 4191 consideratum
950 4132 998 4191 est
1025 4125 1109 4210 quod
1139 4125 1311 4193 vicecomes

437 4330 445 4363 ¹
464 4334 524 4383 aa.
535 4331 595 4381 our.
607 4330 693 4394 Regis,
706 4331 746 4379 ss.
1040 4328 1180 4393 ’patema
