<?xml version="1.0" encoding="UTF-8"?>
<!DOCTYPE html PUBLIC "-//W3C//DTD XHTML 1.0 Transitional//EN"
    "http://www.w3.org/TR/xhtml1/DTD/xhtml1-transitional.dtd">
<html xmlns="http://www.w3.org/1999/xhtml" xml:lang="en" lang="en">
 <head>
  <title>
</title>
<meta http-equiv="Content-Type" content="text/html;charset=utf-8" />
  <meta name='ocr-system' content='tesseract 3.04.00' />
  <meta name='ocr-capabilities' content='ocr_page ocr_carea ocr_par ocr_line ocrx_word'/>
</head>
<body>
  <div class='ocr_page' id='page_1' title='image "./placitaanglonor01bigegoog_0171.png"; bbox 0 0 3286 5142; ppageno 0'>
   <div class='ocr_carea' id='block_1_1' title="bbox 345 587 1092 658">
    <p class='ocr_par' dir='ltr' id='par_1_1' title="bbox 345 587 1092 658">
     <span class='ocr_line' id='line_1_1' title="bbox 345 587 1092 658; baseline 0.011 -9"><span class='ocrx_word' id='word_1_1' title='bbox 345 587 407 650; x_wconf 80' lang='lat'>104</span> <span class='ocrx_word' id='word_1_2' title='bbox 580 608 713 653; x_wconf 70' lang='lat' dir='ltr'>enacim</span> <span class='ocrx_word' id='word_1_3' title='bbox 736 609 1092 658; x_wconf 70' lang='lat' dir='ltr'>Auscouoausuurca,</span> 
     </span>
    </p>
   </div>
   <div class='ocr_carea' id='block_1_2' title="bbox 343 756 1346 1061">
    <p class='ocr_par' dir='ltr' id='par_1_2' title="bbox 343 756 1346 1061">
     <span class='ocr_line' id='line_1_2' title="bbox 343 756 1343 848; baseline 0.012 -29"><span class='ocrx_word' id='word_1_4' title='bbox 343 756 422 832; x_wconf 86' lang='lat' dir='ltr'>sitis,</span> <span class='ocrx_word' id='word_1_5' title='bbox 461 757 641 844; x_wconf 70' lang='lat' dir='ltr'>precipitur</span> <span class='ocrx_word' id='word_1_6' title='bbox 677 761 812 826; x_wconf 86' lang='lat' dir='ltr'>navibus</span> <span class='ocrx_word' id='word_1_7' title='bbox 849 763 991 848; x_wconf 87' lang='lat' dir='ltr'>ejusdem</span> <span class='ocrx_word' id='word_1_8' title='bbox 1021 764 1172 831; x_wconf 79' lang='lat' dir='ltr'>cellerarii</span> <span class='ocrx_word' id='word_1_9' title='bbox 1200 764 1343 832; x_wconf 87' lang='lat' dir='ltr'>debitum</span> 
     </span>
     <span class='ocr_line' id='line_1_3' title="bbox 343 865 1345 956; baseline 0.013 -26"><span class='ocrx_word' id='word_1_10' title='bbox 343 865 444 930; x_wconf 91' lang='lat' dir='ltr'>cidem</span> <span class='ocrx_word' id='word_1_11' title='bbox 459 867 593 932; x_wconf 78' lang='lat' dir='ltr'>ecclesiae</span> <span class='ocrx_word' id='word_1_12' title='bbox 608 892 713 934; x_wconf 88' lang='lat' dir='ltr'>coram</span> <span class='ocrx_word' id='word_1_13' title='bbox 729 871 864 938; x_wconf 82' lang='lat' dir='ltr'>reddere.</span> <span class='ocrx_word' id='word_1_14' title='bbox 895 875 939 938; x_wconf 84' lang='lat' dir='ltr'>Et</span> <span class='ocrx_word' id='word_1_15' title='bbox 953 875 1000 938; x_wconf 89' lang='lat' dir='ltr'>ita</span> <span class='ocrx_word' id='word_1_16' title='bbox 1014 875 1135 940; x_wconf 86' lang='lat' dir='ltr'>factum</span> <span class='ocrx_word' id='word_1_17' title='bbox 1149 882 1208 956; x_wconf 87' lang='lat' dir='ltr'>est,</span> <span class='ocrx_word' id='word_1_18' title='bbox 1222 877 1345 942; x_wconf 85' lang='lat' dir='ltr'>cunctis</span> 
     </span>
     <span class='ocr_line' id='line_1_4' title="bbox 344 977 1346 1061; baseline 0.012 -20"><span class='ocrx_word' id='word_1_19' title='bbox 344 977 400 1061; x_wconf 91' lang='lat' dir='ltr'>qui</span> <span class='ocrx_word' id='word_1_20' title='bbox 415 978 545 1045; x_wconf 84' lang='lat' dir='ltr'>aderant</span> <span class='ocrx_word' id='word_1_21' title='bbox 564 982 708 1048; x_wconf 86' lang='lat' dir='ltr'>testibus.</span> <span class='ocrx_word' id='word_1_22' title='bbox 752 983 805 1048; x_wconf 86' lang='lat' dir='ltr'>Ad</span> <span class='ocrx_word' id='word_1_23' title='bbox 820 984 901 1050; x_wconf 88' lang='lat' dir='ltr'>hanc</span> <span class='ocrx_word' id='word_1_24' title='bbox 922 985 1194 1052; x_wconf 86' lang='lat' dir='ltr'>disrationtionem</span> <span class='ocrx_word' id='word_1_25' title='bbox 1216 989 1346 1054; x_wconf 84' lang='lat' dir='ltr'>firerunt</span> 
     </span>
    </p>
   </div>
   <div class='ocr_carea' id='block_1_3' title="bbox 343 1089 1347 1284">
    <p class='ocr_par' dir='ltr' id='par_1_3' title="bbox 343 1089 1347 1284">
     <span class='ocr_line' id='line_1_5' title="bbox 343 1089 1347 1180; baseline 0.011 -28"><span class='ocrx_word' id='word_1_26' title='bbox 343 1089 378 1152; x_wconf 90' lang='lat' dir='ltr'>hi</span> <span class='ocrx_word' id='word_1_27' title='bbox 414 1097 593 1174; x_wconf 69' lang='lat' dir='ltr'>praesentes,</span> <span class='ocrx_word' id='word_1_28' title='bbox 632 1091 785 1157; x_wconf 89' lang='lat' dir='ltr'>Ricardus</span> <span class='ocrx_word' id='word_1_29' title='bbox 820 1094 859 1160; x_wconf 90' lang='lat' dir='ltr'>de</span> <span class='ocrx_word' id='word_1_30' title='bbox 897 1096 1019 1175; x_wconf 84' lang='lat' dir='ltr'>Monte,</span> <span class='ocrx_word' id='word_1_31' title='bbox 1050 1105 1127 1164; x_wconf 84' lang='lat' dir='ltr'>tuuc</span> <span class='ocrx_word' id='word_1_32' title='bbox 1164 1099 1347 1180; x_wconf 81' lang='lat' dir='ltr'>vicecomes,</span> 
     </span>
     <span class='ocr_line' id='line_1_6' title="bbox 345 1199 1004 1284; baseline 0.012 -20"><span class='ocrx_word' id='word_1_33' title='bbox 345 1199 506 1265; x_wconf 86' lang='lat' dir='ltr'>Walterus</span> <span class='ocrx_word' id='word_1_34' title='bbox 520 1200 768 1284; x_wconf 90' lang='lat' dir='ltr'>archidiaconus,</span> <span class='ocrx_word' id='word_1_35' title='bbox 783 1213 815 1270; x_wconf 89' lang='lat' dir='ltr'>et</span> <span class='ocrx_word' id='word_1_36' title='bbox 832 1205 926 1271; x_wconf 86' lang='lat' dir='ltr'>multi</span> <span class='ocrx_word' id='word_1_37' title='bbox 941 1207 1004 1272; x_wconf 89' lang='lat' dir='ltr'>alii.</span> 
     </span>
    </p>
   </div>
   <div class='ocr_carea' id='block_1_4' title="bbox 387 1744 1303 1942">
    <p class='ocr_par' dir='ltr' id='par_1_4' title="bbox 387 1744 1303 1942">
     <span class='ocr_line' id='line_1_7' title="bbox 387 1744 1303 1825; baseline 0.005 -18"><span class='ocrx_word' id='word_1_38' title='bbox 387 1745 514 1825; x_wconf 81' lang='lat' dir='ltr'>[Aeser</span> <span class='ocrx_word' id='word_1_39' title='bbox 536 1744 693 1809; x_wconf 76' lang='lat' dir='ltr'>Firmius</span> <span class='ocrx_word' id='word_1_40' title='bbox 715 1767 743 1809; x_wconf 84' lang='lat' dir='ltr'>a.</span> <span class='ocrx_word' id='word_1_41' title='bbox 766 1747 925 1810; x_wconf 82' lang='lat' dir='ltr'>Annnnmr</span> <span class='ocrx_word' id='word_1_42' title='bbox 948 1765 988 1811; x_wconf 87' lang='lat' dir='ltr'>or</span> <span class='ocrx_word' id='word_1_43' title='bbox 1012 1748 1054 1812; x_wconf 89' lang='grc' dir='ltr'>Κ.</span> <span class='ocrx_word' id='word_1_44' title='bbox 1077 1767 1145 1814; x_wconf 73' lang='lat' dir='ltr'>nun</span> <span class='ocrx_word' id='word_1_45' title='bbox 1168 1749 1303 1814; x_wconf 81' lang='lat' dir='ltr'>Ronnnr</span> 
     </span>
     <span class='ocr_line' id='line_1_8' title="bbox 708 1859 992 1942; baseline 0 -20"><span class='ocrx_word' id='word_1_46' title='bbox 708 1877 748 1922; x_wconf 83' lang='lat' dir='ltr'>or</span> <span class='ocrx_word' id='word_1_47' title='bbox 771 1859 809 1922; x_wconf 91' lang='lat' dir='ltr'>B.</span> <span class='ocrx_word' id='word_1_48' title='bbox 856 1860 992 1942; x_wconf 79' lang='lat'>1110?]¹</span> 
     </span>
    </p>
   </div>
   <div class='ocr_carea' id='block_1_5' title="bbox 303 2003 1347 4262">
    <p class='ocr_par' dir='ltr' id='par_1_5' title="bbox 342 2003 1345 2224">
     <span class='ocr_line' id='line_1_9' title="bbox 342 2003 1345 2071; baseline 0.004 -18"><span class='ocrx_word' id='word_1_49' title='bbox 342 2003 409 2069; x_wconf 80' lang='lat' dir='ltr'>[The</span> <span class='ocrx_word' id='word_1_50' title='bbox 419 2003 535 2066; x_wconf 80' lang='lat' dir='ltr'>plaintiff</span> <span class='ocrx_word' id='word_1_51' title='bbox 547 2004 650 2054; x_wconf 84' lang='lat' dir='ltr'>obtains</span> <span class='ocrx_word' id='word_1_52' title='bbox 665 2005 804 2068; x_wconf 78' lang='lat' dir='ltr'>judgmcnt</span> <span class='ocrx_word' id='word_1_53' title='bbox 815 2007 842 2054; x_wconf 91' lang='lat' dir='ltr'>in</span> <span class='ocrx_word' id='word_1_54' title='bbox 854 2005 946 2056; x_wconf 81' lang='lat' dir='ltr'>favour</span> <span class='ocrx_word' id='word_1_55' title='bbox 955 2006 986 2055; x_wconf 83' lang='lat' dir='ltr'>oi</span> <span class='ocrx_word' id='word_1_56' title='bbox 999 2006 1045 2056; x_wconf 85' lang='lat' dir='ltr'>the</span> <span class='ocrx_word' id='word_1_57' title='bbox 1057 2007 1155 2057; x_wconf 86' lang='lat' dir='ltr'>ohareh</span> <span class='ocrx_word' id='word_1_58' title='bbox 1166 2013 1195 2058; x_wconf 89' lang='lat' dir='ltr'>at</span> <span class='ocrx_word' id='word_1_59' title='bbox 1206 2008 1345 2071; x_wconf 77' lang='lat' dir='ltr'>Abingdon</span> 
     </span>
     <span class='ocr_line' id='line_1_10' title="bbox 405 2082 1345 2150; baseline 0.004 -19"><span class='ocrx_word' id='word_1_60' title='bbox 405 2083 516 2132; x_wconf 81' lang='lat' dir='ltr'>iordnes</span> <span class='ocrx_word' id='word_1_61' title='bbox 528 2083 637 2132; x_wconf 81' lang='lat' dir='ltr'>claimed</span> <span class='ocrx_word' id='word_1_62' title='bbox 649 2082 715 2131; x_wconf 87' lang='lat' dir='ltr'>from</span> <span class='ocrx_word' id='word_1_63' title='bbox 727 2083 772 2132; x_wconf 86' lang='lat' dir='ltr'>the</span> <span class='ocrx_word' id='word_1_64' title='bbox 784 2083 883 2132; x_wconf 88' lang='lat' dir='ltr'>charch</span> <span class='ocrx_word' id='word_1_65' title='bbox 894 2088 923 2133; x_wconf 89' lang='lat' dir='ltr'>at</span> <span class='ocrx_word' id='word_1_66' title='bbox 935 2084 1085 2149; x_wconf 75' lang='lat' dir='ltr'>Kingston3</span> <span class='ocrx_word' id='word_1_67' title='bbox 1106 2085 1248 2150; x_wconf 79' lang='lat' dir='ltr'>jndgment</span> <span class='ocrx_word' id='word_1_68' title='bbox 1267 2086 1345 2150; x_wconf 82' lang='lat' dir='ltr'>being</span> 
     </span>
     <span class='ocr_line' id='line_1_11' title="bbox 405 2157 789 2224; baseline 0 -16"><span class='ocrx_word' id='word_1_69' title='bbox 405 2161 483 2224; x_wconf 79' lang='lat' dir='ltr'>given</span> <span class='ocrx_word' id='word_1_70' title='bbox 494 2175 511 2208; x_wconf 87' lang='lat' dir='ltr'>a</span> <span class='ocrx_word' id='word_1_71' title='bbox 519 2161 614 2220; x_wconf 77' lang='lat' dir='ltr'>primis</span> <span class='ocrx_word' id='word_1_72' title='bbox 625 2157 789 2224; x_wconf 67' lang='lat' dir='ltr'>senioribus]</span> 
     </span>
    </p>

    <p class='ocr_par' dir='ltr' id='par_1_6' title="bbox 340 2285 1345 2371">
     <span class='ocr_line' id='line_1_12' title="bbox 340 2285 1345 2371; baseline 0.004 -21"><span class='ocrx_word' id='word_1_73' title='bbox 340 2287 498 2350; x_wconf 80' lang='lat' dir='ltr'>Eccnnsrn</span> <span class='ocrx_word' id='word_1_74' title='bbox 520 2285 558 2351; x_wconf 92' lang='lat' dir='ltr'>de</span> <span class='ocrx_word' id='word_1_75' title='bbox 582 2285 783 2370; x_wconf 85' lang='lat' dir='ltr'>Kingcstona</span> <span class='ocrx_word' id='word_1_76' title='bbox 805 2285 914 2352; x_wconf 88' lang='lat' dir='ltr'>subest</span> <span class='ocrx_word' id='word_1_77' title='bbox 935 2287 1105 2371; x_wconf 79' lang='lat' dir='ltr'>parochiali</span> <span class='ocrx_word' id='word_1_78' title='bbox 1137 2287 1274 2354; x_wconf 74' lang='lat' dir='ltr'>ecclesia</span> <span class='ocrx_word' id='word_1_79' title='bbox 1306 2289 1345 2354; x_wconf 91' lang='lat' dir='ltr'>de</span> 
     </span>
    </p>

    <p class='ocr_par' dir='ltr' id='par_1_7' title="bbox 341 2396 1346 2482">
     <span class='ocr_line' id='line_1_13' title="bbox 341 2396 1346 2482; baseline 0.003 -20"><span class='ocrx_word' id='word_1_80' title='bbox 341 2399 477 2478; x_wconf 75' lang='lat' dir='ltr'>Uu‘rthe,</span> <span class='ocrx_word' id='word_1_81' title='bbox 500 2405 533 2462; x_wconf 88' lang='lat' dir='ltr'>et</span> <span class='ocrx_word' id='word_1_82' title='bbox 556 2398 614 2462; x_wconf 92' lang='lat' dir='ltr'>hoc</span> <span class='ocrx_word' id='word_1_83' title='bbox 636 2396 676 2461; x_wconf 90' lang='lat' dir='ltr'>ab</span> <span class='ocrx_word' id='word_1_84' title='bbox 698 2396 831 2481; x_wconf 85' lang='lat' dir='ltr'>antiquo</span> <span class='ocrx_word' id='word_1_85' title='bbox 852 2399 932 2482; x_wconf 87' lang='lat' dir='ltr'>jure.</span> <span class='ocrx_word' id='word_1_86' title='bbox 979 2397 1097 2463; x_wconf 91' lang='lat' dir='ltr'>Iccirco</span> <span class='ocrx_word' id='word_1_87' title='bbox 1120 2421 1194 2463; x_wconf 90' lang='lat' dir='ltr'>cum</span> <span class='ocrx_word' id='word_1_88' title='bbox 1216 2399 1346 2465; x_wconf 90' lang='lat' dir='ltr'>ecclesia</span> 
     </span>
    </p>

    <p class='ocr_par' dir='ltr' id='par_1_8' title="bbox 340 2508 1347 2596">
     <span class='ocr_line' id='line_1_14' title="bbox 340 2508 1347 2596; baseline 0.001 -22"><span class='ocrx_word' id='word_1_89' title='bbox 340 2510 410 2594; x_wconf 90' lang='lat' dir='ltr'>ipsa</span> <span class='ocrx_word' id='word_1_90' title='bbox 441 2508 479 2573; x_wconf 89' lang='lat' dir='ltr'>dc</span> <span class='ocrx_word' id='word_1_91' title='bbox 503 2509 708 2594; x_wconf 83' lang='lat' dir='ltr'>Kingestuna</span> <span class='ocrx_word' id='word_1_92' title='bbox 740 2508 937 2573; x_wconf 87' lang='lat' dir='ltr'>dedicaretur</span> <span class='ocrx_word' id='word_1_93' title='bbox 970 2531 1042 2572; x_wconf 92' lang='lat' dir='ltr'>cum</span> <span class='ocrx_word' id='word_1_94' title='bbox 1079 2510 1257 2576; x_wconf 82' lang='lat' dir='ltr'>coemeterio</span> <span class='ocrx_word' id='word_1_95' title='bbox 1289 2532 1347 2596; x_wconf 87' lang='lat' dir='ltr'>per</span> 
     </span>
    </p>

    <p class='ocr_par' dir='ltr' id='par_1_9' title="bbox 339 2619 1346 3816">
     <span class='ocr_line' id='line_1_15' title="bbox 341 2619 1346 2704; baseline 0.002 -20"><span class='ocrx_word' id='word_1_96' title='bbox 341 2621 493 2685; x_wconf 91' lang='lat' dir='ltr'>domnum</span> <span class='ocrx_word' id='word_1_97' title='bbox 531 2619 736 2684; x_wconf 89' lang='lat' dir='ltr'>Osmundum</span> <span class='ocrx_word' id='word_1_98' title='bbox 773 2619 965 2704; x_wconf 88' lang='lat' dir='ltr'>episcopum,</span> <span class='ocrx_word' id='word_1_99' title='bbox 1003 2619 1065 2685; x_wconf 91' lang='lat' dir='ltr'>duo</span> <span class='ocrx_word' id='word_1_100' title='bbox 1105 2643 1146 2686; x_wconf 85' lang='lat' dir='ltr'>ex</span> <span class='ocrx_word' id='word_1_101' title='bbox 1184 2621 1346 2687; x_wconf 88' lang='lat' dir='ltr'>monachis</span> 
     </span>
     <span class='ocr_line' id='line_1_16' title="bbox 341 2719 1344 2815; baseline 0 -19"><span class='ocrx_word' id='word_1_102' title='bbox 341 2731 467 2811; x_wconf 80' lang='lat' dir='ltr'>nostris,</span> <span class='ocrx_word' id='word_1_103' title='bbox 480 2729 619 2796; x_wconf 88' lang='lat' dir='ltr'>Alfricus</span> <span class='ocrx_word' id='word_1_104' title='bbox 642 2729 762 2795; x_wconf 87' lang='lat' dir='ltr'>scilicet</span> <span class='ocrx_word' id='word_1_105' title='bbox 784 2719 943 2814; x_wconf 90' lang='lat' dir='ltr'>quondam</span> <span class='ocrx_word' id='word_1_106' title='bbox 972 2730 1068 2815; x_wconf 89' lang='lat' dir='ltr'>prior,</span> <span class='ocrx_word' id='word_1_107' title='bbox 1090 2737 1123 2796; x_wconf 88' lang='lat' dir='ltr'>et</span> <span class='ocrx_word' id='word_1_108' title='bbox 1145 2730 1344 2808; x_wconf 87' lang='lat' dir='ltr'>Modbertus,</span> 
     </span>
     <span class='ocr_line' id='line_1_17' title="bbox 339 2840 1343 2928; baseline -0.002 -20"><span class='ocrx_word' id='word_1_109' title='bbox 339 2843 405 2908; x_wconf 90' lang='lat' dir='ltr'>illic</span> <span class='ocrx_word' id='word_1_110' title='bbox 427 2848 609 2907; x_wconf 70' lang='lat' dir='ltr'>caeterorum</span> <span class='ocrx_word' id='word_1_111' title='bbox 631 2841 766 2906; x_wconf 77' lang='lat' dir='ltr'>fratrum</span> <span class='ocrx_word' id='word_1_112' title='bbox 782 2840 849 2906; x_wconf 94' lang='lat' dir='ltr'>loco</span> <span class='ocrx_word' id='word_1_113' title='bbox 865 2841 1050 2920; x_wconf 88' lang='lat' dir='ltr'>consistens,</span> <span class='ocrx_word' id='word_1_114' title='bbox 1067 2842 1210 2928; x_wconf 88' lang='lat' dir='ltr'>episcopo</span> <span class='ocrx_word' id='word_1_115' title='bbox 1225 2843 1343 2907; x_wconf 86' lang='lat' dir='ltr'>calum·</span> 
     </span>
     <span class='ocr_line' id='line_1_18' title="bbox 342 2951 1346 3037; baseline 0 -19"><span class='ocrx_word' id='word_1_116' title='bbox 342 2953 421 3018; x_wconf 86' lang='lat' dir='ltr'>niati</span> <span class='ocrx_word' id='word_1_117' title='bbox 458 2957 535 3017; x_wconf 86' lang='lat' dir='ltr'>sunt</span> <span class='ocrx_word' id='word_1_118' title='bbox 565 2951 809 3017; x_wconf 87' lang='lat' dir='ltr'>consuetudines</span> <span class='ocrx_word' id='word_1_119' title='bbox 848 2951 959 3016; x_wconf 90' lang='lat' dir='ltr'>matris</span> <span class='ocrx_word' id='word_1_120' title='bbox 1004 2952 1150 3032; x_wconf 71' lang='lat' dir='ltr'>ecclesiae,</span> <span class='ocrx_word' id='word_1_121' title='bbox 1186 2975 1256 3037; x_wconf 84' lang='lat' dir='ltr'>quae</span> <span class='ocrx_word' id='word_1_122' title='bbox 1296 2959 1346 3018; x_wconf 86' lang='lat' dir='ltr'>cst</span> 
     </span>
     <span class='ocr_line' id='line_1_19' title="bbox 341 3061 1343 3150; baseline -0.001 -20"><span class='ocrx_word' id='word_1_123' title='bbox 341 3065 425 3150; x_wconf 88' lang='lat' dir='ltr'>apud</span> <span class='ocrx_word' id='word_1_124' title='bbox 447 3063 609 3128; x_wconf 84' lang='lat' dir='ltr'>Wrtham.</span> <span class='ocrx_word' id='word_1_125' title='bbox 656 3061 728 3128; x_wconf 80' lang='lat' dir='ltr'>Quo</span> <span class='ocrx_word' id='word_1_126' title='bbox 750 3069 891 3147; x_wconf 87' lang='lat' dir='ltr'>tempore</span> <span class='ocrx_word' id='word_1_127' title='bbox 923 3063 1098 3128; x_wconf 87' lang='lat' dir='ltr'>Rainaldus</span> <span class='ocrx_word' id='word_1_128' title='bbox 1129 3071 1261 3148; x_wconf 73' lang='lat' dir='ltr'>preerat</span> <span class='ocrx_word' id='word_1_129' title='bbox 1294 3087 1343 3129; x_wconf 90' lang='lat' dir='ltr'>cc·</span> 
     </span>
     <span class='ocr_line' id='line_1_20' title="bbox 342 3173 1345 3259; baseline -0.001 -19"><span class='ocrx_word' id='word_1_130' title='bbox 342 3176 442 3240; x_wconf 82' lang='lat' dir='ltr'>olcsiae</span> <span class='ocrx_word' id='word_1_131' title='bbox 465 3173 588 3238; x_wconf 83' lang='lat' dir='ltr'>abbatis</span> <span class='ocrx_word' id='word_1_132' title='bbox 610 3173 774 3258; x_wconf 87' lang='lat' dir='ltr'>regimine.</span> <span class='ocrx_word' id='word_1_133' title='bbox 819 3173 934 3258; x_wconf 74' lang='lat' dir='ltr'>Itaque</span> <span class='ocrx_word' id='word_1_134' title='bbox 955 3174 1173 3258; x_wconf 83' lang='lat' dir='ltr'>hujuscemodi</span> <span class='ocrx_word' id='word_1_135' title='bbox 1195 3173 1345 3259; x_wconf 83' lang='lat' dir='ltr'>imposita</span> 
     </span>
     <span class='ocr_line' id='line_1_21' title="bbox 343 3283 1344 3369; baseline -0.003 -16"><span class='ocrx_word' id='word_1_136' title='bbox 343 3285 510 3366; x_wconf 85' lang='lat' dir='ltr'>calumnia,</span> <span class='ocrx_word' id='word_1_137' title='bbox 532 3290 643 3369; x_wconf 84' lang='lat' dir='ltr'>postea</span> <span class='ocrx_word' id='word_1_138' title='bbox 675 3306 694 3347; x_wconf 92' lang='lat' dir='ltr'>a</span> <span class='ocrx_word' id='word_1_139' title='bbox 724 3283 835 3368; x_wconf 87' lang='lat' dir='ltr'>primis</span> <span class='ocrx_word' id='word_1_140' title='bbox 865 3285 1022 3368; x_wconf 63' lang='lat' dir='ltr'>praedictae</span> <span class='ocrx_word' id='word_1_141' title='bbox 1056 3284 1138 3350; x_wconf 79' lang='lat' dir='ltr'>villa</span> <span class='ocrx_word' id='word_1_142' title='bbox 1170 3285 1344 3350; x_wconf 88' lang='lat' dir='ltr'>senioribus</span> 
     </span>
     <span class='ocr_line' id='line_1_22' title="bbox 343 3395 1344 3482; baseline -0.003 -18"><span class='ocrx_word' id='word_1_143' title='bbox 343 3399 525 3465; x_wconf 88' lang='lat' dir='ltr'>consultum</span> <span class='ocrx_word' id='word_1_144' title='bbox 539 3402 597 3470; x_wconf 88' lang='lat' dir='ltr'>est,</span> <span class='ocrx_word' id='word_1_145' title='bbox 610 3395 754 3460; x_wconf 86' lang='lat' dir='ltr'>videlicet</span> <span class='ocrx_word' id='word_1_146' title='bbox 765 3395 902 3461; x_wconf 89' lang='lat' dir='ltr'>Radulfo</span> <span class='ocrx_word' id='word_1_147' title='bbox 913 3396 952 3462; x_wconf 93' lang='lat' dir='ltr'>de</span> <span class='ocrx_word' id='word_1_148' title='bbox 963 3397 1113 3482; x_wconf 82' lang='lat' dir='ltr'>Bakepua</span> <span class='ocrx_word' id='word_1_149' title='bbox 1122 3403 1155 3462; x_wconf 86' lang='lat' dir='ltr'>ct</span> <span class='ocrx_word' id='word_1_150' title='bbox 1168 3397 1344 3478; x_wconf 89' lang='lat' dir='ltr'>Adclelmo,</span> 
     </span>
     <span class='ocr_line' id='line_1_23' title="bbox 344 3507 1345 3599; baseline -0.002 -23"><span class='ocrx_word' id='word_1_151' title='bbox 344 3518 499 3599; x_wconf 88' lang='lat' dir='ltr'>quatenus</span> <span class='ocrx_word' id='word_1_152' title='bbox 514 3508 678 3573; x_wconf 84' lang='lat' dir='ltr'>annuatim</span> <span class='ocrx_word' id='word_1_153' title='bbox 693 3507 828 3572; x_wconf 68' lang='lat' dir='ltr'>ecclcsiae</span> <span class='ocrx_word' id='word_1_154' title='bbox 844 3507 1060 3573; x_wconf 80' lang='lat' dir='ltr'>Abbendonire</span> <span class='ocrx_word' id='word_1_155' title='bbox 1082 3508 1122 3573; x_wconf 86' lang='lat' dir='ltr'>ad</span> <span class='ocrx_word' id='word_1_156' title='bbox 1138 3511 1345 3574; x_wconf 78' lang='lat' dir='ltr'>Pentecosten</span> 
     </span>
     <span class='ocr_line' id='line_1_24' title="bbox 345 3619 1345 3705; baseline -0.004 -15"><span class='ocrx_word' id='word_1_157' title='bbox 345 3625 384 3690; x_wconf 87' lang='lat' dir='ltr'>ab</span> <span class='ocrx_word' id='word_1_158' title='bbox 406 3623 451 3689; x_wconf 91' lang='lat' dir='ltr'>cis</span> <span class='ocrx_word' id='word_1_159' title='bbox 472 3620 614 3705; x_wconf 89' lang='lat' dir='ltr'>utrisque</span> <span class='ocrx_word' id='word_1_160' title='bbox 646 3619 838 3684; x_wconf 86' lang='lat' dir='ltr'>donarentur</span> <span class='ocrx_word' id='word_1_161' title='bbox 860 3619 955 3684; x_wconf 92' lang='lat' dir='ltr'><strong>XVI.</strong></span> <span class='ocrx_word' id='word_1_162' title='bbox 978 3619 1108 3701; x_wconf 83' lang='lat' dir='ltr'>denarii,</span> <span class='ocrx_word' id='word_1_163' title='bbox 1132 3621 1165 3685; x_wconf 91' lang='lat' dir='ltr'>id</span> <span class='ocrx_word' id='word_1_164' title='bbox 1195 3627 1255 3701; x_wconf 87' lang='lat' dir='ltr'>est,</span> <span class='ocrx_word' id='word_1_165' title='bbox 1276 3622 1345 3686; x_wconf 77' lang='lat' dir='ltr'>dure</span> 
     </span>
     <span class='ocr_line' id='line_1_25' title="bbox 346 3729 1346 3816; baseline -0.006 -13"><span class='ocrx_word' id='word_1_166' title='bbox 346 3761 418 3814; x_wconf 85' lang='lat' dir='ltr'>orae,</span> <span class='ocrx_word' id='word_1_167' title='bbox 440 3741 473 3799; x_wconf 88' lang='lat' dir='ltr'>et</span> <span class='ocrx_word' id='word_1_168' title='bbox 503 3732 544 3797; x_wconf 83' lang='lat' dir='ltr'>ad</span> <span class='ocrx_word' id='word_1_169' title='bbox 576 3729 736 3796; x_wconf 88' lang='lat' dir='ltr'>ecclesiam</span> <span class='ocrx_word' id='word_1_170' title='bbox 770 3729 808 3793; x_wconf 90' lang='lat' dir='ltr'>de</span> <span class='ocrx_word' id='word_1_171' title='bbox 840 3729 971 3794; x_wconf 86' lang='lat' dir='ltr'>Uurtha</span> <span class='ocrx_word' id='word_1_172' title='bbox 1001 3731 1149 3796; x_wconf 87' lang='lat' dir='ltr'>similiter</span> <span class='ocrx_word' id='word_1_173' title='bbox 1170 3754 1189 3796; x_wconf 89' lang='lat' dir='ltr'>a</span> <span class='ocrx_word' id='word_1_174' title='bbox 1211 3732 1346 3816; x_wconf 83' lang='lat' dir='ltr'>singulis</span> 
     </span>
    </p>

    <p class='ocr_par' dir='ltr' id='par_1_10' title="bbox 345 3840 1345 3928">
     <span class='ocr_line' id='line_1_26' title="bbox 345 3840 1345 3928; baseline -0.007 -15"><span class='ocrx_word' id='word_1_175' title='bbox 345 3847 374 3914; x_wconf 87' lang='grc' dir='ltr'>Ι.</span> <span class='ocrx_word' id='word_1_176' title='bbox 393 3868 474 3926; x_wconf 86' lang='lat' dir='ltr'>acra,</span> <span class='ocrx_word' id='word_1_177' title='bbox 498 3844 526 3908; x_wconf 92' lang='lat' dir='ltr'>I.</span> <span class='ocrx_word' id='word_1_178' title='bbox 548 3865 674 3928; x_wconf 89' lang='lat' dir='ltr'>porcus,</span> <span class='ocrx_word' id='word_1_179' title='bbox 696 3847 729 3907; x_wconf 88' lang='lat' dir='ltr'>et</span> <span class='ocrx_word' id='word_1_180' title='bbox 751 3841 778 3905; x_wconf 90' lang='lat'>1.</span> <span class='ocrx_word' id='word_1_181' title='bbox 801 3862 918 3907; x_wconf 89' lang='lat' dir='ltr'>caseus.</span> <span class='ocrx_word' id='word_1_182' title='bbox 964 3840 1027 3905; x_wconf 86' lang='lat' dir='ltr'>Sed</span> <span class='ocrx_word' id='word_1_183' title='bbox 1048 3847 1174 3906; x_wconf 88' lang='lat' dir='ltr'>mortuo</span> <span class='ocrx_word' id='word_1_184' title='bbox 1198 3843 1345 3921; x_wconf 82' lang='lat' dir='ltr'>Radullo,</span> 
     </span>
    </p>

    <p class='ocr_par' dir='ltr' id='par_1_11' title="bbox 347 3951 1345 4040">
     <span class='ocr_line' id='line_1_27' title="bbox 347 3951 1345 4040; baseline -0.005 -18"><span class='ocrx_word' id='word_1_185' title='bbox 347 3981 420 4022; x_wconf 90' lang='lat' dir='ltr'>cum</span> <span class='ocrx_word' id='word_1_186' title='bbox 450 3957 516 4040; x_wconf 91' lang='lat' dir='ltr'>ejus</span> <span class='ocrx_word' id='word_1_187' title='bbox 546 3954 629 4017; x_wconf 88' lang='lat' dir='ltr'>[ilius</span> <span class='ocrx_word' id='word_1_188' title='bbox 660 3952 819 4018; x_wconf 88' lang='lat' dir='ltr'>chricus</span> <span class='ocrx_word' id='word_1_189' title='bbox 850 3951 911 4016; x_wconf 89' lang='lat' dir='ltr'>sibi</span> <span class='ocrx_word' id='word_1_190' title='bbox 942 3951 1131 4033; x_wconf 84' lang='lat' dir='ltr'>succederet,</span> <span class='ocrx_word' id='word_1_191' title='bbox 1164 3953 1345 4037; x_wconf 71' lang='lat' dir='ltr'>predictam</span> 
     </span>
    </p>

    <p class='ocr_par' dir='ltr' id='par_1_12' title="bbox 346 4063 1346 4154">
     <span class='ocr_line' id='line_1_28' title="bbox 346 4063 1346 4154; baseline -0.006 -21"><span class='ocrx_word' id='word_1_192' title='bbox 346 4067 519 4154; x_wconf 87' lang='lat' dir='ltr'>persolvere</span> <span class='ocrx_word' id='word_1_193' title='bbox 550 4065 725 4150; x_wconf 85' lang='lat' dir='ltr'>pactionem</span> <span class='ocrx_word' id='word_1_194' title='bbox 760 4063 912 4148; x_wconf 83' lang='lat' dir='ltr'>neglexit.</span> <span class='ocrx_word' id='word_1_195' title='bbox 968 4064 1090 4128; x_wconf 85' lang='lat' dir='ltr'>Verum</span> <span class='ocrx_word' id='word_1_196' title='bbox 1126 4085 1172 4144; x_wconf 90' lang='lat' dir='ltr'>co,</span> <span class='ocrx_word' id='word_1_197' title='bbox 1206 4069 1346 4148; x_wconf 88' lang='lat' dir='ltr'>tempore</span> 
     </span>
    </p>

    <p class='ocr_par' dir='ltr' id='par_1_13' title="bbox 303 4173 1347 4262">
     <span class='ocr_line' id='line_1_29' title="bbox 303 4173 1347 4262; baseline -0.007 -16"><span class='ocrx_word' id='word_1_198' title='bbox 303 4211 308 4220; x_wconf 90' lang='lat'><strong>·</strong></span> <span class='ocrx_word' id='word_1_199' title='bbox 348 4203 412 4246; x_wconf 92' lang='lat' dir='ltr'>non</span> <span class='ocrx_word' id='word_1_200' title='bbox 435 4180 537 4244; x_wconf 90' lang='lat' dir='ltr'>multo</span> <span class='ocrx_word' id='word_1_201' title='bbox 559 4183 639 4262; x_wconf 83' lang='lat' dir='ltr'>post,</span> <span class='ocrx_word' id='word_1_202' title='bbox 664 4177 835 4261; x_wconf 84' lang='lat' dir='ltr'>improvisa</span> <span class='ocrx_word' id='word_1_203' title='bbox 856 4183 957 4240; x_wconf 86' lang='lat' dir='ltr'>morte</span> <span class='ocrx_word' id='word_1_204' title='bbox 979 4173 1103 4241; x_wconf 88' lang='lat' dir='ltr'>sublato</span> <span class='ocrx_word' id='word_1_205' title='bbox 1126 4199 1165 4241; x_wconf 86' lang='lat' dir='ltr'>cx</span> <span class='ocrx_word' id='word_1_206' title='bbox 1188 4175 1246 4240; x_wconf 90' lang='lat' dir='ltr'>hac</span> <span class='ocrx_word' id='word_1_207' title='bbox 1268 4176 1347 4255; x_wconf 81' lang='lat' dir='ltr'>vitu,</span> 
     </span>
    </p>
   </div>
   <div class='ocr_carea' id='block_1_6' title="bbox 565 4333 1141 4402">
    <p class='ocr_par' dir='ltr' id='par_1_14' title="bbox 565 4333 1141 4402">
     <span class='ocr_line' id='line_1_30' title="bbox 565 4333 1141 4402; baseline -0.003 -14"><span class='ocrx_word' id='word_1_208' title='bbox 565 4333 573 4366; x_wconf 90' lang='lat'><strong>¹</strong></span> <span class='ocrx_word' id='word_1_209' title='bbox 590 4340 606 4388; x_wconf 83' lang='lat'>2</span> <span class='ocrx_word' id='word_1_210' title='bbox 619 4338 687 4387; x_wconf 84' lang='lat' dir='ltr'>Hist.</span> <span class='ocrx_word' id='word_1_211' title='bbox 700 4337 770 4388; x_wconf 85' lang='lat' dir='ltr'>Mon.</span> <span class='ocrx_word' id='word_1_212' title='bbox 783 4337 894 4400; x_wconf 79' lang='lat' dir='ltr'>Abingd.</span> <span class='ocrx_word' id='word_1_213' title='bbox 905 4338 952 4386; x_wconf 70' lang='lat'>120</span> <span class='ocrx_word' id='word_1_214' title='bbox 965 4337 1036 4398; x_wconf 81' lang='lat' dir='ltr'>(Rec.</span> <span class='ocrx_word' id='word_1_215' title='bbox 1051 4335 1141 4402; x_wconf 81' lang='lat' dir='ltr'>Com).</span> 
     </span>
    </p>
   </div>
   <div class='ocr_carea' id='block_1_7' title="bbox 0 0 1662 5142">
    <p class='ocr_par' dir='ltr' id='par_1_15' title="bbox 0 0 1662 5142">
     <span class='ocr_line' id='line_1_31' title="bbox 0 0 1662 5142; baseline 0 0"><span class='ocrx_word' id='word_1_216' title='bbox 0 0 1662 5142; x_wconf 95' lang='lat' dir='ltr'> </span> 
     </span>
    </p>
   </div>
  </div>
 </body>
</html>
