3286 5150
343 605 405 666 202
589 617 725 664 rnacrrs
746 617 1095 666 anano-nonnarurca

342 771 474 837 minime
487 775 592 836 tenere
607 792 705 855 posse,
718 769 745 834 si
760 777 942 848 mercatam,
958 777 996 837 ut
1009 777 1153 856 coeperat,
1165 773 1199 837 iu
1213 772 1343 840 Abben-

341 882 436 948 donie
449 885 654 967 permaneret.
700 879 835 962 Quibus,
851 904 907 965 pro
922 881 1012 946 malae
1026 883 1142 949 mentis
1160 884 1343 970 pertinacia,

341 1017 396 1058 rex
421 993 617 1078 indignatus,
641 992 766 1058 eosdem
791 1015 811 1056 a
833 1016 865 1057 se
887 993 1085 1060 turbulenter
1107 994 1234 1079 abegit3
1266 1020 1342 1081 prae-

341 1105 484 1189 cepitque
509 1110 547 1169 ut
570 1127 591 1168 a
612 1103 662 1168 die
684 1101 738 1167 illo
760 1110 933 1168 mereatum
949 1103 1167 1189 plenissimum
1185 1106 1230 1170 ibi
1250 1112 1343 1187 esset,

340 1214 474 1280 navibus
484 1221 612 1280 tautum
624 1212 773 1298 exceptis,
781 1213 894 1279 abbate
909 1217 1129 1282 tantummodo
1143 1217 1208 1282 suis
1222 1224 1342 1283 utente.

340 1328 386 1392 Et
400 1349 439 1392 ne
454 1325 568 1411 aliquis
582 1325 734 1410 dissipare
749 1325 903 1390 niteretur
924 1325 1008 1410 quod
1031 1327 1163 1392 Henriei
1178 1327 1274 1413 regis,
1289 1326 1343 1392 avi

340 1437 400 1516 sui,
414 1443 554 1521 tempore
580 1434 767 1520 dispositum
790 1435 966 1516 constabat,
981 1443 1015 1502 et
1036 1436 1102 1523 ipse
1127 1443 1204 1504 tune
1230 1438 1341 1504 eonfit-

341 1547 460 1626 mabat,
489 1545 756 1612 calumniantibus
779 1545 941 1610 silentium
971 1546 1135 1632 imponens
1156 1555 1341 1635 perpetuum

339 1657 513 1725 interdixit.
569 1659 688 1724 Tamen
712 1663 883 1743 antequam
912 1680 960 1723 res
988 1659 1055 1724 haee
1080 1660 1120 1724 ed
1140 1661 1225 1725 hune
1246 1660 1342 1725 finem

339 1769 525 1854 perveniret,
554 1791 618 1834 non
638 1767 798 1833 modicum
819 1768 952 1854 pertulit
966 1769 1064 1836 abbas
1079 1770 1277 1836 Walkeliuus
1292 1769 1339 1835 la·

340 1881 457 1947 berem.

374 2041 415 2106 [It
425 2055 536 2104 appears
546 2040 582 2104 by
591 2054 608 2089 a
618 2040 779 2104 subsequent
796 2043 940 2090 statement
953 2041 984 2090 cs
991 2040 1037 2090 the
1054 2041 1199 2092 chronioler
1217 2042 1277 2092 that
1288 2042 1343 2092 this

340 2120 412 2184 right
423 2120 453 2169 of
460 2121 563 2168 market
574 2118 626 2167 had
637 2118 703 2168 been
715 2119 827 2181 granted
838 2119 875 2183 hy
886 2119 999 2168 Edward
1010 2119 1057 2169 the
1068 2120 1213 2170 Oont'essor.
1247 2122 1304 2171 Vol.
1316 2123 1342 2180 2,

340 2213 358 2261 p
377 2195 434 2248 27&
467 2197 522 2246 The
534 2199 613 2260 grant
624 2196 654 2244 of
663 2196 775 2245 nevere
787 2211 842 2246 was
860 2197 1001 2246 confirmed
1019 2197 1054 2261 by
1065 2197 1142 2260 tinge
1154 2197 1245 2262 Henry
1256 2199 1279 2247 l.
1290 2198 1341 2247 and

342 2274 458 2337 Stephon
469 2293 476 2334 ς
494 2273 543 2322 bnt
554 2272 577 2322 it
588 2273 673 2321 would
685 2287 754 2322 seem
771 2271 840 2321 from
856 2273 902 2322 the
913 2274 973 2322 writ
990 2274 1073 2323 abore
1085 2275 1165 2336 given
1183 2275 1242 2324 that
1259 2291 1341 2324 some·

339 2352 417 2415 thing
427 2365 499 2400 more
510 2365 565 2400 was
582 2365 720 2413 necessary
731 2351 796 2399 than
813 2365 831 2400 a
844 2351 914 2411 right
930 2350 961 2399 ct*
968 2351 1078 2412 market,
1090 2356 1119 2401 to
1135 2352 1189 2412 wit,
1202 2367 1236 2402 an
1252 2353 1342 2402 actual

340 2445 402 2480 usar
411 2429 441 2478 of
454 2429 499 2478 the
510 2427 819 2491 franchise-something
830 2428 889 2477 that
900 2428 976 2477 could
987 2429 1020 2478 be
1037 2443 1106 2479 seen.
1140 2430 1195 2479 'l'he
1205 2432 1341 2481 confirma·

340 2509 396 2558 tion
406 2507 442 2570 hy
454 2505 575 2569 Hem-51.
586 2505 634 2554 has
645 2505 751 2570 already
762 2506 828 2554 been
838 2506 915 2568 given
928 2505 955 2554 in
965 2507 1109 2556 connexion
1119 2507 1209 2557 witha
1218 2509 1341 2570 previous

338 2586 451 2649 disputo.
484 2584 605 2646 Perhaps,
618 2583 743 2642 however,
757 2582 848 2647 Henry
860 2584 896 2632 ΙΙ.
908 2584 984 2633 knew
994 2583 1146 2648 nothingus
1154 2585 1199 2635 the
1211 2591 1290 2650 grant
1301 2586 1338 2651 by

340 2663 382 2714 his
394 2661 573 2725 grandfather.

371 2741 427 2790 'l'he
438 2739 569 2802 following
579 2739 602 2788 is
615 2737 752 2802 Stephen's
761 2737 943 2788 confirmation
950 2737 1018 2804 =-]¹

386 2903 575 2986 Stephanus,
585 2925 638 2966 rex
649 2901 784 2986 anglia,
797 2903 940 2987 episcopo
953 2902 1185 2983 Saresberiae,et
1192 2905 1338 2990 justiciis,

340 3011 584 3090 vicecomitibus,
599 3011 778 3092 baronibus,
790 3019 833 3078 et
854 3013 1000 3078 omnibus
1022 3013 1175 3080 ministris
1194 3023 1227 3082 et
1241 3017 1340 3083 fideli-

339 3124 400 3188 bus
425 3121 500 3200 suis,
531 3121 657 3186 Francis
683 3127 717 3186 et
739 3122 868 3207 Anglis,
888 3125 927 3189 de
954 3125 1161 3204 Berchescira,
1193 3127 1338 3198 salutem.

340 3233 455 3299 Sciatis
465 3255 516 3299 me
526 3233 710 3299 concessisse
720 3233 787 3299 Deo
796 3241 830 3300 et
840 3235 973 3301 ecclesie
986 3237 1091 3302 Beate
1102 3237 1213 3302 Mariae
1224 3239 1262 3304 de
1271 3241 1338 3304 Ab·

339 3345 504 3424 bendonia,
517 3350 549 3410 et
560 3345 691 3431 Ingulto
701 3344 817 3426 abbati,
828 3352 861 3412 et
872 3348 1032 3412 monachis
1042 3371 1114 3412 cum
1123 3370 1159 3413 eo
1174 3348 1207 3414 in
1219 3372 1256 3415 ea
1270 3352 1339 3418 Deo

340 3455 557 3534 servientibus,
574 3463 747 3522 mereatum
765 3457 798 3522 in
817 3457 894 3522 villa
908 3458 947 3522 de
961 3457 1171 3523 Abbendonia
1192 3461 1233 3525 ad
1254 3461 1337 3528 diem

523 3569 545 3648 ,¹
560 3567 642 3632 sicut
667 3568 815 3652 predicta
843 3569 981 3648 ecclesia,
1007 3575 1040 3634 et
1064 3569 1202 3650 abbates,
1218 3578 1251 3636 et
1273 3575 1339 3659 ipse

339 3680 527 3746 Vincentius
548 3679 655 3759 abbas,
670 3702 809 3765 unquam
825 3679 936 3745 melius
951 3681 1001 3746 vel
1014 3679 1142 3746 liberius
1159 3689 1339 3765 tenuerunt,

339 3798 372 3858 et
386 3791 509 3876 dieque
523 3813 579 3855 rex
595 3791 753 3855 Henricus
775 3790 819 3856 eis
841 3790 929 3856 dedit
950 3798 984 3855 et
999 3793 1151 3858 concessit
1166 3792 1337 3862 abbatiam.

339 3904 384 3967 Et
398 3902 469 3967 volo
492 3907 525 3966 et
547 3900 680 3967 tirmiter
701 3901 856 3987 praecipio,
872 3902 955 3988 quod
977 3925 1085 3968 omnes
1100 3905 1242 3970 homines
1265 3906 1339 3972 illuc

339 4019 450 4077 euntes
475 4018 508 4078 et
536 4011 653 4076 ibidem
684 4019 851 4092 morantes,
882 4021 914 4079 et
943 4013 1016 4079 inde
1045 4015 1220 4097 redeuntes,
1249 4017 1339 4101 piene

340 4121 478 4186 habeant
502 4144 603 4186 meam
628 4123 749 4188 firmam
766 4147 885 4208 pacem,
899 4147 939 4190 ne
955 4126 1126 4210 superbae
1140 4127 1258 4212 injuste
1274 4128 1338 4194 dis·

373 4337 381 4372 ¹
399 4339 415 4387 2
429 4339 498 4388 Hist.
511 4339 701 4404 Momrtbingd.
714 4345 763 4393 180
779 4344 851 4407 (Rec.
863 4345 954 4410 Gom).
1114 4351 1124 4382 ¹
1139 4351 1182 4400 An
1193 4366 1306 4401 erasure.
