3286 5150
343 617 405 680 lco
594 607 726 677 amous
748 631 1094 678 suem-uonuauruca

343 793 376 854 et
390 784 547 852 memoriae
562 783 860 850 commendaverint.
906 785 1000 850 Unde
1015 789 1048 850 et
1063 807 1120 849 nos
1133 784 1173 850 ad
1196 784 1262 848 hane
1276 805 1348 870 pro·

343 897 448 962 banda
472 919 540 982 qua
563 894 701 960 diximus
723 903 816 982 prout
839 895 899 981 ipsi
922 895 1076 981 jusseritis
1099 896 1201 980 parati
1230 917 1348 960 sumus.

345 1006 460 1074 Valeat
473 1006 507 1072 in
522 1011 707 1094 perpetuum
723 1013 857 1092 pateret
872 1012 977 1072 noster
990 1007 1146 1074 dominus.

390 1229 556 1296 Universis
571 1229 696 1294 Sancte
710 1227 828 1295 Matris
842 1227 987 1294 Ecclesiae
1002 1227 1085 1308 filiis,
1095 1227 1201 1294 David
1209 1229 1349 1313 Wygor·

346 1340 464 1405 niensis
487 1338 619 1406 coenobii
644 1339 801 1425 quondam
825 1339 920 1426 prior,
945 1339 1087 1406 salutem.
1142 1341 1184 1404 In
1209 1345 1349 1404 extremo

346 1450 467 1516 dierum
491 1473 633 1516 meorum
661 1449 792 1535 positus,
816 1450 983 1516 veritatem
1015 1450 1060 1516 rei
1093 1449 1181 1516 vobis
1214 1448 1351 1526 insinuo,

347 1585 440 1648 super
461 1562 618 1628 calumnia
640 1584 736 1647 quam
760 1562 964 1628 Eboracensis
988 1561 1234 1647 archiepiscopus
1256 1560 1352 1626 hahet

348 1675 495 1740 adversus
511 1672 670 1739 ecclesiam
686 1672 779 1738 Beati
794 1673 880 1739 Petri
897 1673 1111 1754 Glaucestrias,
1126 1673 1277 1758 quatinus·
1296 1693 1351 1736 vos

350 1784 434 1850 idem
451 1782 658 1850 communiter
679 1784 819 1871 sapiatis,
835 1790 867 1850 et
891 1783 918 1847 si
939 1807 1061 1850 necesse
1080 1783 1176 1848 fixerit
1199 1788 1351 1867 tanquam

349 1894 492 1966 veritatis
516 1895 575 1960 filii
595 1895 814 1960 testimonium
845 1901 986 1960 vestrum
1021 1895 1095 1959 huic
1125 1893 1252 1960 veritati
1287 1915 1352 1957 non

351 2007 482 2092 negetis.
528 2008 598 2091 ligo
617 2005 693 2092 ipse,
710 2005 737 2070 si
759 2006 883 2092 quando
905 2005 1106 2071 tractandum
1130 2011 1179 2070 est
1199 2003 1352 2089 placitum

349 2117 498 2183 interesse
512 2117 649 2197 daretur,
663 2116 849 2200 candentem
860 2117 938 2199 ¹ferri
959 2116 1111 2182 laminam
1132 2117 1183 2182 vel
1205 2115 1354 2202 quicquid

350 2228 481 2314 equitas
494 2227 626 2314 justitia
640 2226 773 2293 dictaret
787 2229 1000 2314 amplecterer,
1011 2228 1091 2292 nihil
1105 2226 1254 2293 hesitans.
1281 2227 1354 2291 Hoc

350 2339 451 2424 igitur
464 2362 567 2405 coram
582 2340 650 2404 Deo
665 2345 698 2404 et
712 2339 828 2404 sanctis
852 2341 920 2424 ejus
942 2344 1108 2420 contestor,
1122 2339 1205 2425 qnod
1227 2337 1354 2403 ecclesia

353 2450 445 2516 Beati
468 2449 554 2516 Petri
587 2451 789 2516 Glaucestriae
817 2450 908 2516 villas
929 2449 1018 2530 ica,
1042 2450 1161 2516 seilicet
1183 2450 1354 2528 Berthone,

353 2561 484 2640 Leeche,
499 2561 663 2639 Otintone,
678 2560 800 2646 abipso
814 2567 954 2646 tempore
967 2559 1262 2634 sanctimonialium
1286 2582 1354 2646 qua

352 2671 438 2758 prius
453 2671 571 2738 ibidem
586 2671 819 2748 habitaverunt,
829 2671 966 2757 possedit
978 2678 1011 2737 et
1025 2671 1183 2757 possidet;
1207 2670 1354 2735 Stanedis

355 2806 427 2848 vero
442 2805 482 2848 ex
497 2782 664 2849 donatione
680 2783 873 2869 Beornulphi
893 2783 1016 2848 comitis
1031 2787 1194 2847 consecuta
1208 2787 1265 2846 est.
1310 2781 1356 2845 Et

353 2893 428 2959 lieet
437 2893 592 2958 Aldredus
600 2893 733 2960 eeclesias
743 2901 856 2959 nostrae
867 2894 1039 2979 episcopus,
1048 2893 1102 2979 qui
1113 2899 1221 2979 postea
1234 2892 1354 2957 Ebora·

355 3004 455 3069 censis
471 3002 726 3088 archiepiscopus,
742 3004 934 3089 aliquamdiu
949 3005 1080 3084 Lecche,
1093 3003 1249 3084 Stanedis,
1259 3004 1356 3069 Otin·

355 3121 441 3193 tone,
458 3111 497 3176 ob
519 3112 602 3197 quod
622 3115 865 3180 construendum
887 3114 1179 3199 supranominatum
1200 3121 1356 3180 monaste-

357 3223 441 3289 rium
450 3223 543 3289 Beati
551 3224 637 3288 Petri
651 3223 854 3290 Glouccstriae
871 3226 1073 3311 permissione
1085 3225 1225 3290 Wlstani
1234 3224 1357 3291 abbatis

358 3335 486 3420 cognati
520 3335 570 3399 sui
612 3336 788 3417 retinuerit,
820 3337 1016 3402 Berthonam
1052 3343 1158 3402 autem
1184 3359 1358 3422 nunquam,

358 3468 458 3531 neque
473 3444 507 3509 in
521 3445 676 3530 predictis
689 3446 836 3513 maneriis
850 3449 958 3513 eadem
972 3447 1099 3513 ecclesia
1109 3447 1246 3532 plenarie
1259 3446 1358 3512 domi·
1452 3503 1456 3509 .

360 3557 497 3622 nationis
510 3557 563 3642 jus
579 3558 628 3623 vel
643 3559 863 3624 investituram
887 3559 1005 3625 amisit.
1051 3559 1122 3622 Hoc
1148 3558 1182 3622 in
1207 3557 1302 3624 cartis
1327 3565 1360 3624 et

360 3669 490 3735 cronicis
517 3668 591 3752 legi.
638 3669 709 3734 Hoc
740 3693 778 3735 ex
811 3668 962 3735 relatione
990 3669 1196 3735 veridicorum
1230 3668 1362 3734 testium

360 3779 496 3866 cognovi
509 3785 542 3845 et
557 3779 662 3847 didici.
708 3781 779 3846 Hoc
793 3803 852 3866 ego
866 3781 1083 3846 testimoninm
1096 3781 1262 3846 veritatem
1285 3780 1363 3846 seire
1431 3775 1435 3784 ’

362 3890 541 3956 volentibus
555 3890 652 3975 sigilli
666 3890 729 3957 mei
742 3889 943 3975 impressione
957 3891 1149 3957 confirmavi.
1196 3892 1304 3977 Hujus
1319 3892 1364 3958 rei

364 4008 440 4067 sunt
461 4005 559 4067 testes
574 4002 732 4068 Robertus
757 4002 943 4068 venerabilis
958 4003 1054 4068 abbas
1068 4002 1249 4068 Alecestriae
1274 4004 1364 4069 bona

365 4112 523 4177 memoriae
530 4117 564 4177 et
572 4136 697 4196 magnae
704 4113 912 4190 auctoritatis,
922 4113 1071 4178 Warinus
1081 4113 1365 4200 priorWygorniae,

365 4227 513 4306 totusque
526 4224 853 4308 conventusejusdem
867 4224 1009 4292 ecclesia.
1054 4225 1177 4290 Valete.

401 4344 429 4393 lt
439 4345 462 4394 is
472 4345 628 4408 interesting
639 4349 667 4394 to
677 4347 784 4397 observa
792 4349 838 4397 tha
849 4348 912 4397 offer
922 4347 953 4397 os
960 4348 1038 4411 proci
1044 4349 1080 4412 by
1090 4347 1165 4398 thess
1173 4349 1317 4411 damnante
1324 4365 1366 4406 3-
